1794 3242
184 204 436 281 nn'flG.
472 202 689 266 SENT.
726 219 804 263 m·
839 200 1055 264 ELOC.
1107 202 1301 266 Linum
1381 221 1489 283 157

91 326 254 388 nobis
284 335 571 386 occurrunt
596 361 616 392 ‚
669 324 870 399 semper
916 323 972 380 in
1028 322 1200 380 nostra
1240 326 1499 399 potestate

91 409 236 480 fine,
263 411 343 469 δι
387 410 591 486 quoties
628 426 708 465 res
745 407 1113 482 postulaverit,
1168 427 1198 464 a
1236 408 1391 466 nobis
1427 429 1497 469 ex

89 494 788 575 praeparatobadhibeantur.
868 493 925 550 N
929 511 1035 550 unc
1068 491 1135 550 ad
1163 492 1359 569 figuras
1388 498 1497 552 elo-

89 579 322 645 cutionis
359 580 688 645 transeamus,
792 576 914 648 Qua
957 576 1011 631 in
1062 571 1356 638 traditione
1393 578 1498 650 pri-

82 676 234 722 mum
278 664 404 722 mihi
445 664 653 722 videtur
689 660 1182 741 demonstrandum3
1222 675 1352 736 quot
1402 682 1497 738 ge-

86 762 213 804 nera
249 745 350 808 {int
387 747 699 807 elocutionis
725 784 746 816 ,
794 758 1026 821 quotque
1064 742 1236 802 modis
1282 762 1342 800 ea
1385 762 1499 802 uta..

86 847 219 886 mur.

160 915 360 976 XVIII.
397 918 487 976 Est
522 918 684 994 igitur
719 918 893 975 omnis
928 915 1132 980 orado,
1167 926 1260 1000 aut
1298 915 1494 982 soluta,

82 1001 226 1057 nulla
273 1002 410 1060 inter
449 1004 496 1060 se
540 1001 842 1060 neceffitate
883 1019 1218 1057 numerorum
1251 1038 1270 1066 ,
1323 1018 1494 1074 neque

84 1083 370 1158 composita
399 1086 648 1144 membris
673 1084 1009 1159 quibusdam,
1048 1086 1130 1139 vel
1168 1082 1491 1141 determina-

85 1183 140 1227 ta
177 1185 319 1228 certa
348 1173 824 1247 circumscriptione
875 1173 1170 1229 verborum.
1266 1173 1341 1228 Ea
1385 1176 1492 1247 plc-

79 1271 299 1328 rumque
329 1255 386 1313 in
421 1257 662 1314 sermone
699 1255 903 1313 assiduo
935 1255 992 1312 &
1031 1255 1087 1311 in
1122 1254 1344 1328 epistolis
1386 1258 1490 1312 uti-

80 1357 224 1396 mur:
262 1339 617 1416 interponitur
641 1356 818 1399 autem
848 1342 906 1399 δε
941 1340 1262 1412 iudicialibus
1295 1344 1489 1399 oratio-

76 1425 232 1500 nibus
252 1432 286 1493 ,⁷
309 1427 398 1484 ubi
425 1426 617 1501 aliquid
652 1426 812 1486 simile
841 1427 898 1484 &
936 1427 1240 1500 proximum
1265 1428 1487 1491 sermoni

75 1510 316 1568 volumus
339 1509 604 1587 effingere.
672 1512 789 1570 Aut
814 1526 1066 1588 perpetua
1082 1549 1103 1579 ‚
1141 1529 1297 1585 quam
1320 1511 1486 1600 Grae?

76 1605 83 1610 “
1434 1607 1487 1647 ct

77 1785 81 1789 ’
129 1782 226 1849 Qua
271 1785 317 1829 in
364 1785 618 1842 traditione]
671 1786 745 1830 Sic
801 1796 866 1831 ter
895 1785 1017 1830 dicit.

71 1840 273 1896 Stephan‘.
291 1840 469 1887 Veteres
496 1842 602 1886 Edd.
631 1841 744 1907 Qaia

69 1897 115 1940 in
138 1897 365 1942 traditione.
855 1897 1127 1952 Interponitur
1164 1904 1294 1940 autem
1328 1895 1378 1946 &³
1404 1901 1474 1957 jzc‹

476 1969 484 1975 ·
798 1954 1010 1998 dicialibus
1036 1953 1307 2009 orationibus]
1336 1954 1473 1999 Rece-

128 2006 196 2051 Ea
216 2006 401 2063 utamur]
429 2007 502 2052 Sic
520 2006 627 2051 Edd.
653 2008 738 2051 Ve-
797 2011 936 2065 pimus
971 2006 1195 2052 lestionem
1240 2008 1433 2055 Aldinam
1454 2044 1471 2065 ,

63 2073 152 2108 net.
176 2062 317 2106 Aldin.
351 2063 393 2106 &
421 2062 556 2107 Mart.
581 2063 738 2117 Capel·
794 2077 820 2106 a
839 2076 919 2120 qua
940 2075 1027 2107 non
1049 2063 1230 2107 multum
1260 2064 1471 2122 discrepat

62 2115 118 2163 la.
162 2117 243 2162 Ed.
276 2117 413 2161 Rhen.
451 2118 507 2161 eis
530 2127 686 2163 utamur
714 2151 729 2174 ,
792 2118 876 2164 Ed.
921 2118 1074 2162 Venet.
1126 2119 1391 2175 interponitur
1418 2122 1470 2170 ὃ*

58 2184 108 2216 ut
133 2173 184 2216 ad
205 2185 354 2230 genera
372 2172 589 2220 referatur.
646 2175 732 2222 Res
788 2177 833 2218 in
859 2175 1031 2218 dialilms
1061 2175 1312 2218 orationibus.
1352 2175 1462 2223 Cor-

58 2229 210 2274 eodem
236 2228 362 2273 redit.
787 2231 1020 2289 ruptiffime
1053 2229 1132 2273 Ed.
1164 2229 1357 2276 Rhenan.
1398 2236 1467 2277 in-

83 2315 86 2319 ·
788 2289 1005 2343 terponitur
1035 2292 1105 2328 aut
1143 2284 1192 2332 ὃ
1225 2287 1270 2328 in
1293 2289 1465 2347 dialogis

111 2336 166 2390 In,
185 2339 364 2396 firmone
393 2341 531 2399 affiduo
558 2342 578 2398 ]
621 2343 727 2388 Edd.
788 2343 1044 2386 orationibus.
1076 2353 1131 2383 ex
1153 2353 1234 2396 qua
1255 2342 1463 2398 scriptura

59 2391 211 2440 Vener.
244 2396 286 2440 ὅτ.
317 2396 451 2442 Rhen.
478 2401 523 2441 in
542 2399 724 2455 sermone
782 2399 834 2444 R.
861 2398 1098 2455 Stephanus
1115 2395 1247 2440 fecit:
1288 2400 1456 2457 interpo-

55 2446 366 2504 affidua.·Sermo
375 2452 541 2510 affiduus
550 2453 610 2499 est
653 2468 725 2500 uo·
781 2457 892 2497 nitur
915 2460 1045 2496 autem
1071 2450 1121 2499 δ’
1142 2454 1186 2494 in
1217 2453 1387 2512 dialogis
1407 2455 1461 2503 ἐξ

54 2504 236 2549 tidianus
258 2538 274 2561 ,
319 2508 554 2557 familiaris.
655 2511 724 2555 ide
780 2513 825 2552 in
846 2508 1456 2563 orationihussujuscommen-

51 2556 282 2606 Gesnerum
301 2560 447 2614 'Thes-
492 2563 542 2610 L.
581 2566 631 2611 L.
679 2568 720 2612 h.
782 2576 874 2608 tum
899 2576 1049 2608 omnes
1070 2563 1219 2609 deinde
1230 2564 1452 2611 Editiones

51 2624 94 2657 v.
136 2615 250 2663 Mox
275 2616 495 2675 sermonem
526 2621 722 2678 fimplici-
778 2618 1030 2678 occupavits
1422 2680 1433 2693 ·
