1794 3242
329 198 419 243 xu
579 185 1476 253 PRAEFATIQ

329 315 528 370 linicum
568 311 840 386 Sophillam
864 349 882 378 ,
933 313 1019 385 qui
1035 324 1077 377 ‚A
1104 313 1259 371 Suida
1289 315 1410 386 teste
1436 354 1456 385 ‚
1491 316 1704 395 stripsst

325 383 463 456 τωςές
485 392 647 444 Anime
685 384 789 445 ’ᾱὲἶ
817 384 854 440 ‘5
883 382 1170 463 χρικοζηλιάς
1205 389 1436 457 ῥηπυκῧς
1462 429 1480 458 ,
1515 394 1703 451 librum

325 461 465 534 Lupi
538 461 692 532 nostri
752 461 857 527 lilio
935 462 1242 536 inscripfiffi’.
1362 466 1552 527 Verum
1599 469 1704 540 sine

326 537 429 591 ullo
477 535 595 606 teste
655 535 905 590 Rutilium
953 535 1150 591 Neroni
1211 539 1466 611 aequalem
1511 540 1658 612 facit
1681 575 1699 607 ,

325 609 400 678 &⁹
438 612 490 664 in
531 611 765 665 Callinici
805 620 987 665 aetate-
1019 627 1113 665 non
1150 610 1339 667 leviter
1377 626 1533 670 errat
1560 651 1580 680 ‚
1635 627 1702 672 ut

318 695 565 742 accurate
620 684 982 748 demonstravit
1042 683 1247 754 Jonfius
1312 686 1373 741 de
1448 690 1700 762 Scriptor.

319 759 451 822 Hist.
503 757 692 830 Philas:
731 758 834 811 III.
880 774 961 825 ¹4·
1008 769 1057 829 p.
1104 763 1225 823 285.
1319 760 1440 815 Fuit
1485 773 1700 830 tamen,

318 850 428 890 cum
476 850 560 887 nos
609 848 794 907 quoque
841 833 894 885 in
945 829 1093 905 Voffii
1134 829 1445 904 sententiam
1534 840 1700 892 ronio-

319 925 404 964 res
425 905 620 978 effemus
632 923 653 970 ,·
690 907 833 977 cujus
854 908 935 960 rei
957 907 1070 961 leve
1093 905 1351 978 vestigium
1376 846 1608 966 relidam
1627 910 1698 983 est

317 987 370 1039 in
407 984 726 1036 annotatione
763 978 932 1050 nostra
949 1018 964 1042 ,
998 991 1050 1054 p.
1089 982 1178 1035 62.
1259 983 1590 1040 Burmannus
1626 985 1699 1040 ad

316 1054 651 1128 QuinHilian.
690 1055 794 1110 III.
842 1064 884 1110 ις
926 1064 980 1127 p.
1023 1071 1145 1124 219.
1224 1056 1278 1109 in
1334 1056 1486 1113 medio
1540 1058 1696 1115 relin-

316 1134 426 1206 quit
455 1169 471 1195 ‚
524 1131 756 1185 Rutilius
792 1129 892 1200 fit,
951 1144 1020 1183 an
1051 1130 1158 1200 ejus
1191 1129 1338 1196 filius
1363 1167 1379 1192 ,
1438 1130 1511 1187 ad
1552 1149 1695 1207 quem

319 1208 456 1262 Divi
501 1205 728 1260 Fratres
775 1200 1152 1275 rescripserunt
1204 1206 1258 1259 in
1310 1203 1370 1258 L.
1412 1207 1464 1260 6.
1505 1208 1576 1261 D.
1628 1207 1694 1262 de

316 1297 512 1336 muner.
553 1281 611 1335 ὅτ
647 1277 829 1333 honor.
909 1278 1004 1332 Sed
1023 1277 1205 1332 dudum
1241 1277 1693 1337 animadverterat

314 1358 506 1411 Anton.
548 1352 860 1424 Augustinus
883 1353 940 1405 de
976 1351 1177 1406 Nomin.
1215 1351 1454 1408 PandeH.
1487 1367 1539 1426 p.
1573 1359 1696 1424 364.

316 1431 483 1485 Divos
509 1428 734 1482 Fratres
774 1441 867 1478 non
899 1424 1106 1495 potuiffi’
1137 1424 1415 1495 rescribere
1441 1427 1512 1484 ad
1545 1429 1700 1484 Ruti.

318 1504 441 1559 lium
469 1539 487 1567 ,
540 1503 628 1576 qui
677 1517 711 1554 a
762 1496 1110 1569 Quinc‘iiliano
1149 1498 1405 1554 laudetur.
1497 1501 1698 1575 Rutsus

315 1580 648 1633 Burmannus
684 1574 753 1628 ad
783 1584 996 1643 prooem.
1035 1572 1146 1627 Lib.
1173 1572 1263 1627 VI.
1301 1584 1350 1643 p.
1383 1588 1507 1643 497.
1586 1577 1698 1633 Ru.

243 1707 245 1709 ,
317 1653 484 1709 tilium
516 1649 715 1705 eundem
745 1645 835 1719 effit
876 1647 1147 1701 Rhetorem
1186 1648 1421 1719 conjicit,
1458 1651 1603 1721 cujus
1626 1651 1697 1719 fi-

318 1727 443 1782 liam
475 1724 682 1780 duxerit
708 1718 1098 1792 Quimflilianus.
1174 1720 1325 1791 Quae
1379 1721 1696 1794 conjeHurae

317 1801 450 1854 nullo
489 1801 679 1872 negotio
723 1795 1049 1863 refelluntur.
1135 1795 1273 1849 Nam
1304 1797 1526 1866 primum
1586 1801 1697 1872 quis

314 1874 568 1930 Rutilium
590 1913 605 1936 ‚
661 1888 801 1944 quem
844 1866 1222 1940 QuinHilianus
1265 1869 1445 1924 dudum
1482 1881 1603 1927 ante
1633 1871 1697 1946 se

316 1947 499 2020 vixiffi:
528 1947 779 2019 fignificat
803 1983 818 2007 ,
868 1944 938 1998 ad
975 1945 1349 1997 Antoninorum
1387 1955 1580 2016 tempus
1611 1950 1695 2002 de-

315 2027 532 2079 mittat?
571 2020 764 2075 Deinde
799 2034 893 2071 non
934 2017 1158 2083 Rutilii,
1182 2017 1279 2087 Jed
1322 2016 1501 2072 Tutilii
1529 2020 1696 2087 filiam

313 2113 525 2154 uxorem
548 2095 696 2149 duxit
721 2088 1111 2163 Quinc'lilianus.
1152 2092 1306 2146 Hicce
1334 2092 1558 2148 Tutilius
1581 2112 1692 2152 cum

316 2190 410 2229 non
430 2170 594 2244 solum
622 2170 914 2223 Burmanno
938 2202 956 2229 ‚
995 2164 1094 2236 Jed
1124 2165 1240 2220 aliis
1276 2167 1432 2219 etiam
1458 2184 1690 2227 errorem

315 2247 556 2319 objecerit
571 2282 587 2300 ,
617 2243 879 2303 breviter,
905 2241 1014 2311 quis
1029 2237 1239 2309 fuerit,
1267 2239 1575 2311 explicemus.

387 2317 728 2392 Quinlliliani
764 2314 866 2369 III.
922 2330 962 2367 1.
1006 2324 1055 2383 p.
1107 2329 1221 2382 119.
1282 2314 1412 2370 locus
1453 2314 1533 2371 hic
1569 2315 1637 2389 (st
1667 2337 1686 2375 ,·

314 2391 523 2467 Scriplit:
558 2391 621 2447 de
658 2388 835 2446 eadem
872 2388 1079 2441 materia
1118 2405 1228 2441 non
1262 2405 1423 2457 pauca
1459 2389 1683 2446 Cornifi-

315 2473 456 2533 cius,
494 2469 658 2539 aliqua
682 2462 981 2525 Stertinius,
1020 2478 1130 2522 non
1158 2459 1284 2515 nihil
1312 2475 1455 2531 pater
1485 2458 1682 2521 Gallio:

315 2542 597 2605 accuratius
637 2556 758 2597 vero
794 2536 984 2609 priores
1017 2533 1255 2591 Gallione
1286 2536 1456 2592 Celsus
1481 2534 1560 2592 δι’
1589 2539 1686 2596 Le-

1494 2636 1498 2641 *
1566 2628 1691 2681 nas,
