1794 3242
346 193 1512 275 PRAEFAT10.xm

116 342 213 385 nas
240 361 261 392 ‚
325 323 385 383 &
422 323 607 380 aetatis
648 321 851 380 nostrae
885 319 1161 395 Virginius
1188 362 1205 389 ‚
1267 322 1461 379 Plinius
1489 362 1509 393 ,

116 399 362 460 Rutilius.
441 399 547 471 Qui
568 397 774 471 lecusfi
809 396 977 453 mendo
1010 408 1218 453 careret
1241 434 1259 462 ,
1306 400 1508 456 clarum

114 468 264 549 estet,
298 472 558 532 Rutilium
578 470 929 547 Quinlliliani
955 483 1130 529 aetate
1155 472 1353 545 vixtffe.
1431 477 1507 531 E-

113 553 348 608 nimvero
399 549 599 607 Codices
653 549 812 604 MSS.
861 546 938 616 &⁹
983 547 1217 604 editiones
1263 561 1465 607 veteres
1486 589 1506 618 ,

112 642 244 701 quas
266 627 601 683 Burmannus
613 623 688 693 εξ
705 626 958 680 Gesnerus
980 621 1304 696 excuffi’runt
1319 663 1335 689 ‚
1349 629 1507 681 etiam

114 699 308 758 MStus
358 717 425 758 ex
458 699 743 769 Hullliana
777 698 1078 755 bibliotheca
1127 702 1179 754 in
1219 699 1506 775 Leidensem

110 775 401 846 translatus
424 814 443 844 ‚
496 789 592 847 pro
619 775 849 831 Rutilius
872 791 1052 848 magno
1078 772 1305 848 consensu
1330 777 1505 850 legunt

108 849 360 908 Tutilius.
440 848 716 925 Veriffime.
794 849 936 905 Nam
970 850 1170 906 Rutilio
1204 851 1374 909 nullus
1414 864 1505 927 po·

109 924 204 998 test
226 927 362 983 locus
387 925 481 1001 ff
494 966 513 994 ,
551 925 639 982 ubi
662 925 915 982 Rhetores
928 964 943 990 ‚
981 927 1068 999 qui
1089 924 1386 999 universam
1410 949 1503 985 ar.

107 1012 210 1057 tem
233 1005 523 1058 oratoriam
541 1001 785 1074 complexi
802 1000 907 1074 sint
925 1039 945 1068 ,
980 999 1316 1073 recensentur.
1361 1004 1503 1060 Com·

109 1076 455 1135 memorandus
481 1076 548 1149 est
584 1079 724 1133 inter
759 1092 840 1132 eos
854 1114 873 1142 ,
911 1077 1000 1151 qui
1021 1087 1230 1149 partem
1257 1076 1503 1137 Rhetori-

106 1167 187 1208 ces
207 1190 227 1219 ,
290 1163 540 1228 tanquam
587 1151 648 1208 de
706 1151 1053 1208 Schematibus
1079 1190 1096 1216 ,
1164 1152 1500 1224 illzstrarint.

101 1229 274 1301 Atqui
298 1230 440 1285 inter
466 1244 543 1286 eos
562 1237 1010 1296 commemoratur,
1049 1228 1149 1282 IX.
1193 1244 1242 1298 3.
1277 1240 1330 1303 p.
1369 1247 1438 1302 45
1452 1247 1499 1303 ς.

103 1301 248 1357 Haec
272 1303 452 1360 omnia
476 1301 729 1377 copiosius
753 1303 872 1359 sunt
900 1304 1141 1371 executi,
1183 1305 1270 1376 qui
1298 1325 1411 1364 non
1438 1322 1497 1364 ut

101 1392 305 1449 partem
349 1380 520 1453 operis
555 1381 969 1435 transcurrerunt
995 1415 1014 1445 ,
1064 1377 1149 1434 sed
1191 1383 1402 1452 proprie
1440 1385 1499 1438 li-

99 1452 219 1508 bros
263 1452 384 1509 huic
423 1454 565 1526 operi
598 1451 1000 1520 dedicaverunt3
1043 1450 1169 1508 ficut
1209 1454 1497 1525 Caecilius,

99 1526 390 1600 Dionyfius
416 1570 434 1598 ,
481 1528 706 1584 Rutilius
729 1569 746 1596 ,
800 1526 1112 1582 Cornificius
1136 1566 1156 1594 ,
1209 1529 1445 1588 Visellius
1475 1572 1495 1600 ,

97 1602 286 1675 aliique
315 1621 428 1660 non
450 1603 616 1676 pauci.
695 1599 799 1658 Sed
826 1618 941 1657 non
967 1602 1141 1657 minor
1167 1604 1264 1659 erit
1290 1623 1495 1678 eorum,

95 1678 183 1748 qui
205 1677 399 1735 vivunt
433 1678 615 1749 gloria.
692 1676 808 1749 Quo
849 1677 950 1734 loco
975 1713 994 1743 ,
1018 1678 1182 1750 simul
1215 1678 1494 1753 obftrvari

91 1751 235 1808 debet
259 1790 278 1818 ,
327 1751 510 1827 rursus
544 1750 948 1825 QuinHilianutn
983 1752 1043 1809 de
1077 1753 1276 1811 Rutilio
1310 1759 1445 1834 loqui
1471 1800 1491 1828 ,

90 1838 349 1899 tanquam>
380 1839 557 1886 aetate
582 1825 689 1902 sua
724 1827 1013 1902 superiore.
1095 1829 1322 1895 Tutilius
1362 1854 1490 1892 vero

90 1903 271 1959 nobilis
305 1901 649 1976 Quinlliliani
683 1915 907 1978 tempore
940 1903 1144 1959 Rhetor
1169 1905 1291 1976 fuit
1316 1947 1334 1975 ,
1398 1914 1489 1983 qui

88 1989 287 2051 quanta
309 1979 594 2052 cumfama
623 1990 792 2035 artem
806 1978 965 2051 suam
985 1978 1240 2054 profeffus
1266 1984 1365 2058 stt,
1403 1988 1483 2042 in.

85 2053 364 2127 telligimus
403 2072 471 2112 ex
495 2054 761 2111 Martiale
785 2057 852 2113 V.
884 2057 968 2125 56.

236 2202 339 2259 Cui
379 2200 587 2271 credas,
627 2204 805 2279 Lupe,
845 2205 1011 2263 filium
1050 2206 1329 2283 magistro,

227 2278 453 2347 Quaeris
491 2280 733 2337 sollicitus
772 2281 894 2347 diu,
935 2301 1204 2355 rogasque.

229 2353 435 2414 Omnes
473 2353 956 2430 Grammaticosque
996 2358 1355 2433 Rhetorasque

224 2429 481 2496 DeviteS,
521 2450 746 2488 moneo:
785 2433 912 2487 nihil
949 2431 1013 2488 fit
1050 2433 1123 2488 illi

225 2503 371 2560 Cum
407 2504 548 2561 libris
588 2507 891 2576 Ciceronis,
930 2522 1018 2564 aut
1057 2507 1312 2568 Maronis

227 2576 415 2640 Famae
452 2582 716 2642 Tutilium
751 2585 870 2643 suae
908 2584 1180 2661 relinquat.
1422 2666 1478 2727 ω

345 2676 350 2680 ·
1388 2684 1422 2726 υ
