1794 3242
1182 79 1194 103 Ι.

194 225 287 284 nm
304 191 454 267 1³16.
482 160 702 264 SENT.
736 220 813 262 ET
851 201 1063 288 ELOC.
1103 203 1305 264 L113.II.
1385 223 1486 283 125·

97 324 350 406 injuiiam
360 323 550 399 facere
573 321 716 379 nolle.
795 322 937 379 Nam
973 319 1133 376 dando
1160 321 1452 393 beneficium
1470 366 1490 394 ‚

83 399 337 484 'extemplo
367 406 757 465 benivolentiam
770 425 788 462 :
827 422 921 463 non
931 403 1176 478 faciendo
1199 407 1455 479 injuriam
1470 456 1487 483 ‚

81 491 356 566 duntaxa!
381 488 547 546 odium.
571 488 815 544 vitamus.

166 567 314 632 XVI.
351 573 856 631 ANTITHETON.
894 568 1018 625 Hoc
1043 567 1275 641 pluribus
1316 565 1489 623 modis

90 654 206 714 fieri
241 653 400 723 solet,
434 653 492 712 δι.
525 653 680 711 habet
717 654 773 710 in
814 651 961 710 omni
1002 669 1195 724 genere
1233 653 1487 708 orationis

89 740 343 797 summam
373 737 670 794 utilitatem.
747 736 924 805 Quare
964 732 1232 806 separatim
1267 733 1488 789 demon-

89 821 357 881 strandum
386 823 458 881 est
485 821 549 880 de
573 840 890 898 unoquoque
915 838 1108 896 genere
1138 823 1263 895 ejuS.
1304 821 1486 877 Unum

86 907 159 964 est
181 945 200 974 ‚
239 924 359 964 cum
405 907 696 964 contrariae
731 924 812 963 res
854 907 992 962 inter
1026 905 1074 960 se
1120 902 1483 966 conferuntur.

89 990 136 1046 C
149 1007 187 1046 11
200 1007 233 1044 A
248 1004 354 1046 ms
369 1003 384 1042 1
400 1005 452 1044 1:
502 988 667 1046 Alter
699 1006 870 1047 eorum
911 997 1035 1044 erat
1069 988 1121 1041 in
1156 984 1318 1041 dando
1351 986 1488 1041 beni-

77 1090 211 1146 gnus
234 1109 255 1138 ‚
307 1071 447 1127 alter
473 1084 596 1129 erat
631 1075 685 1129 in
718 1068 997 1143 accipiendo
1040 1067 1252 1140 astutus.
1303 1067 1486 1127 -Hunc

80 1170 241 1212 omnes
263 1155 657 1229 conquirebant,
696 1173 755 1212 ne
782 1153 850 1210 ab
877 1169 929 1209 eo
958 1149 1284 1209 viderentur.
1362 1151 1484 1207 Hu-

1394 1257 1484 1313 yzcs

133 1478 334 1544 Injuriam
347 1483 490 1538 facere
514 1484 744 1541 nolle]Au-
805 1487 953 1530 lacuna
988 1479 1046 1524 fic
1076 1481 1286 1537 explenda
1312 1497 1323 1525 :
1365 1484 1481 1528 Nam

76 1535 274 1581 &ornate
303 1548 499 1583 veterum
540 1539 748 1584 librorum
805 1540 933 1583 dando
963 1535 1192 1591 beneficium
1214 1568 1228 1588 ,
1288 1542 1480 1596 extemplo

73 1592 213 1636 delevi
230 1593 423 1648 copulam
447 1602 487 1637 et
504 1624 521 1648 ,
549 1607 672 1652 quam
686 1596 747 1640 in·
805 1593 1113 1639 benivolentiam
1142 1592 1409 1650 adjungimus.
1441 1596 1480 1639 1-

71 1647 126 1690 de
156 1660 180 1691 a
213 1647 287 1692 Ste
317 1648 427 1692 hano
457 1659 605 1694 omnes
643 1649 745 1695 Edi·
805 1662 847 1694 ta
878 1650 997 1693 locus
1033 1646 1176 1691 fimilis
1207 1648 1287 1690 erit
1307 1649 1477 1694 Tullia-

71 1702 212 1748 tiones
230 1702 283 1747 ha
337 1713 400 1748 nt.
802 1718 861 1750 no
887 1716 968 1759 pro
1002 1702 1177 1745 Muren.
1205 1715 1275 1746 20.
1307 1704 1476 1761 sapiens

365 1771 370 1775 ·
469 1765 473 1768 ’
794 1767 956 1817 praetor
992 1755 1239 1813 offensionem
1270 1762 1379 1803 vitat
1404 1777 1473 1805 ae-

127 1813 243 1858 Nam
262 1816 390 1860 dando
403 1816 658 1873 beneficium,
673 1832 741 1863 ex·
799 1815 1031 1874 quabz’litate
1064 1814 1317 1868 decernendi,
1364 1818 1473 1860 beni.

67 1870 208 1926 templo
236 1871 575 1929 benivolentiam]
616 1872 741 1917 Haec
798 1872 1016 1932 volentiam
1055 1869 1247 1925 adjzmgit
1305 1871 1473 1917 lenitate

63 1924 270 1980 constans·
295 1926 423 1971 lectio
463 1939 656 1972 veterum
690 1930 740 1972 li-
795 1925 999 1970 audiendz.
1464 1954 1466 1956 -

64 1979 236 2025 brorum
252 2010 268 2032 ‚
289 1982 370 2036 qui
393 1982 436 2026 in
459 1994 542 2026 una
569 1992 735 2036 tantum

61 2047 174 2080 voce
193 2036 369 2080 variant.
384 2034 496 2080 Nam
507 2037 734 2082 MS.*Lau-
846 2037 885 2081 A
899 2049 932 2080 N
946 2046 1002 2078 TI
1015 2047 1046 2077 Τ
1057 2046 1092 2077 H
1103 2045 1132 2076 E
1145 2047 1176 2077 T
1189 2047 1218 2078 ο
1231 2036 1298 2092 N]
1333 2037 1468 2099 Quin-

60 2101 170 2134 rent.
195 2090 245 2139 A.
269 2091 487 2146 extimplo,
512 2091 591 2136 Ed.
619 2092 732 2136 Rhe·
790 2091 950 2136 &iliam
985 2089 1066 2134 IX.
1098 2102 1140 2132 2.
1180 2102 1222 2145 p.
1250 2103 1348 2149 437.
1373 2094 1466 2139 Ru-

58 2157 153 2189 nan.
193 2154 320 2190 extem
347 2146 383 2189 lo
406 2177 421 2200 ,
463 2146 562 2191 MS.
605 2147 732 2193 Laur.
790 2148 907 2191 tilius
933 2147 1087 2204 quidem
1117 2143 1258 2199 Lupus
1294 2150 1339 2190 in
1357 2158 1463 2194 utro-

57 2199 108 2244 B.
142 2199 252 2245 Exc'.
331 2214 486 2246 ronov.
514 2201 623 2246 Edd.
645 2203 729 2247 Ve-
788 2216 859 2260 que
879 2214 1021 2263 genere
1049 2198 1075 2255 <
1086 2197 1461 2258 Comparationem

58 2264 147 2300 net.
170 2256 312 2301 Aldin.
337 2258 521 2313 exemplo.
559 2258 612 2301 R.
638 2259 729 2302 Ste·
784 2258 959 2316 posuit)
981 2257 1097 2312 idque
1129 2257 1293 2299 inum.
1330 2271 1459 2307 vocat.

55 2311 216 2365 phanus
246 2322 295 2355 ut
325 2312 537 2359 labantem
558 2313 725 2358 senten-

55 2365 159 2409 tiam
179 2365 355 2411 fulciret
365 2401 380 2422 ‚
404 2368 581 2414 verbum
593 2373 724 2426 acqui-
838 2370 1028 2413 Pluribus
1041 2366 1166 2410 modis
1176 2367 1197 2423 ]
1208 2368 1337 2414 MSS.
1350 2371 1458 2417 Lau-

39 2421 174 2467 rrimm·
200 2422 431 2467 inculcavit
465 2423 550 2467 hoc
570 2426 720 2469 modo:
780 2438 891 2470 rent.
922 2425 971 2468 A.
1000 2426 1049 2468 B.
1069 2423 1151 2468 Ed.
1186 2423 1340 2470 Venet.
1361 2429 1454 2484 plu-

51 2473 168 2519 Nam
209 2477 335 2520 dando
366 2477 619 2534 beneficium,
653 2494 722 2523 ex·
777 2483 885 2524 ribus
907 2482 1087 2522 moribus.

49 2530 189 2584 templo
224 2533 525 2577 benivolentiam
548 2538 718 2591 acquiri·
798 2564 801 2566 -
1023 2567 1027 2570 ·

47 2597 146 2629 mus.
170 2587 283 2649 qnod
303 2586 447 2632 secure
466 2592 720 2646 receperunt
793 2628 794 2631 ,
834 2591 959 2635 Hunc
981 2602 1111 2634 omnes
1140 2593 1450 2649 conquirebant,

47 2650 308 2687 recentlores
330 2637 536 2691 Editores.
582 2645 715 2691 Forte
775 2660 824 2690 ne
857 2649 906 2691 ab
941 2660 980 2690 eo
1013 2648 1274 2703 viderentur]
1316 2647 1448 2694 Hunc

787 2736 791 2740 .
1341 2717 1456 2766 qU02
