1794 3242
375 209 484 253 κη
644 190 1542 277 ΡΚΑΕΕΑΤια

380 320 492 377 bris
515 316 590 386 ἐφ’
600 317 755 391 saxis
786 316 1034 392 permulti
1065 335 1159 375 non
1193 319 1328 376 modo
1367 321 1546 378 Rutilii
1574 318 1759 395 Lupi,

370 392 470 469 sed
498 395 652 449 etiam
684 394 849 450 Publii
877 392 1059 449 Rutilii
1092 393 1228 467 Lupi
1264 407 1539 452 occurrunt
1563 435 1582 462 ‚
1641 413 1761 472 quos

379 469 466 542 hic
513 485 782 541 congerere
817 467 947 523 nihil
992 470 1194 524 attinet.
1279 470 1438 544 Apud
1475 472 1756 527 Ciceronem

370 543 623 618 frequens
649 545 829 598 mentio
850 541 918 611 est
940 543 1001 599 P.
1040 542 1227 598 Rutilii
1258 544 1418 615 Lupi,
1460 544 1756 608 Tribunatu

377 619 450 693 pl.
489 616 563 685 &³
603 619 876 673 Praetura
889 615 1101 687 fundit,
1139 617 1214 683 &³
1235 620 1290 672 in
1324 619 1447 675 bello
1468 620 1612 675 civili
1628 630 1756 692 par-

381 697 509 749 tium
535 694 975 765 Pompeianarum.
1017 691 1146 746 Vide
1163 691 1462 748 Manutium
1488 697 1546 748 in*
1561 695 1656 765 Ep.
1686 691 1761 748 ad

382 769 516 822 Div.
531 767 574 819 I.
599 784 639 820 1.
683 767 840 836 Cujus
863 764 962 831 filio
982 765 1027 836 si
1045 768 1156 838 quis
1177 765 1306 820 hunc
1329 767 1547 824 libellum
1567 767 1758 822 tribue-

383 859 446 896 re
483 841 610 895 velit
624 877 641 904 ,
679 841 772 907 etsi
793 856 887 894 non
918 839 1257 906 intercedam,
1295 840 1427 897 nihil
1459 852 1629 898 tamen
1643 841 1756 914 fine

385 916 551 970 idoneo
573 913 692 983 teste
711 912 978 984 affirmem.
1117 926 1119 928 ’
1639 963 1643 969 χ

458 989 684 1044 Rutilius
707 1026 725 1053 ‚
773 1000 832 1043 ut
858 985 1232 1058 Quinc‘lilianus
1259 989 1340 1043 ait
1366 1028 1381 1052 ‚
1439 1004 1504 1045 ex
1534 1002 1758 1062 quatuor

387 1065 616 1136 Gorgiae
635 1063 789 1139 'libris
814 1081 963 1117 unum
977 1063 1203 1133 fecerat.
1239 1112 1242 1118 ,
1283 1063 1431 1118 Nunc
1455 1066 1509 1118 in
1539 1066 1658 1120 duos
1681 1065 1756 1118 di-

384 1135 525 1210 visus
576 1141 855 1210 reperitur.
945 1140 1036 1191 Ex
1073 1154 1166 1210 quo
1217 1136 1464 1192 dubitatio
1503 1147 1642 1194 nata
1688 1137 1756 1210 est

385 1214 457 1269 N.
488 1213 662 1267 Fabro
688 1213 758 1266 ad
780 1214 942 1268 Senec.
984 1213 1157 1266 Contr.
1201 1213 1244 1266 I.
1283 1229 1333 1279 4.
1378 1223 1430 1283 p.
1478 1229 1592 1281 113·
1635 1213 1758 1282 sint-

385 1306 446 1343 ne
485 1288 612 1342 libri
644 1287 763 1354 duo,
850 1303 937 1341 uos
962 1283 1261 1358 superstites
1297 1286 1564 1353 habemus,
1599 1287 1760 1342 Ruti-

385 1364 443 1417 lii
454 1400 471 1427 ‚
506 1363 648 1432 cujus
669 1304 1049 1430 QuinZiilianus
1074 1363 1310 1414 meminit.
1389 1360 1488 1415 Sed
1521 1358 1634 1417 mox
1653 1361 1757 1435 ipse

386 1437 517 1492 hanc
540 1435 821 1507 divtfionem
847 1431 1036 1489 reHius
1058 1434 1300 1505 adscribit
1324 1434 1561 1490 librariis
1574 1451 1594 1498 ,·
1628 1454 1758 1510 quae

385 1514 541 1565 etiam
582 1506 846 1580 sententia
900 1507 994 1574 esi*
1027 1508 1122 1561 Fr.
1160 1508 1444 1563 Robortelli
1488 1508 1546 1564 de
1600 1510 1756 1582 artis.

382 1583 568 1640 dicend.
615 1593 668 1655 p.
719 1598 798 1651 19.
861 1580 934 1645 &⁹
983 1582 1055 1635 Vo
1095 1585 1134 1635 u·
1187 1581 1308 1651 Inst.
1376 1583 1532 1637 Orat.
1586 1585 1649 1639 V.
1686 1604 1790 1647 ,2.Ἰ

378 1671 432 1733 p.
471 1674 590 1726 232.
647 1655 721 1723 ἐξ
760 1655 818 1709 de
857 1654 1067 1710 Rhetor.
1110 1667 1216 1710 nat.
1269 1667 1378 1729 cap.
1426 1673 1506 1725 13.
1538 1667 1588 1728 p.
1629 1674 1752 1726 341.

386 1734 484 1790 Sed
510 1731 740 1787 Rutilius
790 1746 856 1784 ex
901 1742 1124 1802 quatuor
1173 1729 1319 1784 libris
1374 1731 1443 1800 fic
1487 1748 1636 1787 unum
1666 1732 1756 1804 fe-

383 1812 455 1864 cit
470 1846 487 1873 ,
533 1819 592 1861 ut
634 1805 773 1859 illum
808 1803 974 1858 eadem
1013 1817 1168 1877 opera
1194 1804 1532 1872 contraheret.
1610 1806 1764 1878 Quod

381 1899 464 1939 nos
501 1881 599 1953 ipse
631 1879 768 1935 docet
789 1879 864 1932 II.
911 1897 993 1933 12.
1032 1878 1153 1952 quid
1187 1877 1414 1946 interfit,
1492 1908 1495 1912 ·
1553 1907 1556 1910 >
1670 1900 1758 1936 co-

383 1959 629 2030 gnoscere
665 1953 858 2025 poteris
897 1955 1063 2008 multo
1100 1953 1397 2026 diligentius
1444 1973 1508 2010 ex
1547 1955 1758 2012 Graeco

384 2030 615 2103 Gorgiae
655 2028 814 2096 libre,
866 2027 953 2082 ubi
980 2028 1211 2097 pluribus
1248 2029 1644 2103 uniuscujusque
1679 2049 1760 2085 ra-

381 2106 460 2160 tio
493 2102 738 2158 redditur.
815 2100 1117 2156 Rutilianae
1152 2118 1276 2157 vero
1307 2104 1571 2174 Epitomae
1593 2104 1757 2160 multa

379 2181 600 2249 deinceps
636 2176 876 2231 detraxit
904 2176 1011 2244 five
1050 2176 1406 2248 magistrorum
1437 2177 1708 2247 fastidium
1737 2216 1755 2240 ,

374 2256 482 2332 five
504 2253 700 2324 injuria
720 2260 1012 2321 temporum.
1087 2251 1355 2322 ,Quantam
1377 2250 1480 2306 illa
1485 2249 1756 2323 jaHuram

370 2329 566 2402 fecerit
580 2365 597 2391 ,
635 2341 699 2381 ex
724 2320 1070 2395 ⁸Quindliliano
1101 2325 1317 2396 intelligi
1350 2325 1508 2398 potest
1522 2365 1539 2391 ‚
1577 2325 1757 2414 dyode-

385 2407 479 2461 cim
503 2399 772 2475 schemata
804 2398 1046 2454 laudante
1074 2437 1092 2465 ,
1148 2399 1249 2454 IX.
1293 2417 1342 2453 2.
1376 2410 1423 2470 p.
1463 2417 1532 2470 43
1541 2414 1588 2468 ‚⁷-
1639 2417 1756 2474 quo-

384 2494 502 2535 rum
541 2475 730 2530 nullum
767 2475 821 2528 in
855 2473 1227 2534 exemplaribus
1275 2473 1459 2544 nostris
1496 2473 1769 2546 vestigium

383 2552 662 2625 reperitur.
700 2548 901 2622 Desunt
921 2551 1077 2610 etiam
1102 2549 1199 2609 illa
1212 2589 1231 2618 ,
1269 2565 1398 2622 quae
1423 2546 1758 2678 Quinetiam}
