1794 3242
187 212 434 278 nurse.
472 214 689 275 SENT.
729 233 806 274 m·
843 214 1052 275 ELOC.
1101 218 1293 277 Lmen.
1362 230 1462 291 171

142 331 391 392 XXVIII.
433 334 685 401 Ptoou,
724 335 1005 409 copulatio·
1068 337 1143 394 Ea
1171 336 1336 411 figura
1357 339 1465 395 elo·

70 420 327 489 tutionis,
365 419 420 475 in
465 437 565 493 qua
589 416 726 475 idem
752 418 973 476 verbum
1000 434 1093 497 aut
1114 414 1343 486 nomen,
1384 422 1462 479 bis

67 501 328 559 continuo
371 499 594 575 positum
622 538 642 568 ‚
698 500 896 558 diversa
944 501 1199 576 fignificat
1222 524 1246 571 ,’
1295 516 1354 559 ut
1390 504 1462 561 est
1498 571 1500 573 ¹

65 581 221 639 illud:
265 582 364 639 Sed
393 594 565 641 tamen
602 581 674 639 ad
703 584 847 640 illum
876 583 1005 638 diem
1041 584 1315 641 Memmius
1341 595 1462 642 erat

66 666 358 724 Memmius.
440 670 517 723 lta
552 667 693 724 enim
736 666 838 724 hoc
871 667 947 723 bis
989 666 1218 741 positum
1260 667 1365 735 est,
1404 681 1463 726 ut

64 752 292 825 superius
316 749 526 825 quidem
555 756 752 807 nome'n
779 764 988 808 tantum
1014 749 1271 826 significet
1295 752 1462 810 homi-

62 833 175 902 niS,
212 831 459 907 posterius
488 832 612 887 velit
640 831 860 906 intelligi
897 830 1124 888 eundem
1156 834 1242 907 qui
1266 833 1460 908 semper

63 915 248 981 fuerit,
285 934 347 974 ac
369 915 438 972 sui
461 913 695 972 fimilem.
1249 973 1251 978 .
1489 972 1491 975 ¹

136 1000 333 1057 XXIX.
375 1000 866 1068 PALILLOGIA,
918 1001 1143 1056 iteratio.
1218 999 1363 1059 Haec
1399 1001 1460 1059 fi-

57 1095 220 1161 gura,
257 1085 484 1158 repetito
526 1080 711 1140 eodem
744 1084 905 1140 verbo
930 1097 1021 1140 aut
1054 1086 1305 1153 nomine,
1344 1105 1459 1145 non

57 1165 255 1225 diversa
298 1168 414 1224 vult
450 1167 701 1242 intelligi,
738 1165 823 1223 sed
858 1166 995 1224 idem
1025 1165 1166 1241 quod
1200 1166 1458 1243 fignifica-

57 1262 178 1318 tur,
205 1246 408 1307 efficere
434 1247 811 1308 vehementius,
890 1247 1202 1319 Cuiusmodi
1228 1251 1299 1307 est
1325 1251 1451 1310 hoc:
1532 1308 1791 1339 ,Δ

58 1332 260 1401 Ferro,
287 1331 487 1410 ferro,
525 1333 724 1408 inquit,
765 1329 840 1400 ἐξ
869 1330 1039 1388 hocin
1068 1330 1262 1405 judicio
1299 1333 1456 1403 dicit,

356 1451 360 1458 .
1402 1429 1456 1476 te

776 1616 880 1657 diem
900 1613 1140 1668 Memmius,
1165 1614 1383 1659 Memmius
1398 1620 1452 1661 ad

775 1670 877 1713 illud
915 1677 1067 1725 tempus
1093 1701 1106 1720 ,
1145 1670 1364 1715 Memmius
1404 1676 1449 1717 in

776 1726 868 1768 alio.
928 1724 1033 1768 Duo
1067 1726 1196 1770 MSS.
1227 1726 1451 1774 Leidenses

777 1780 882 1825 haec
922 1791 1087 1824 tantum
1137 1782 1322 1827 habent:
1371 1786 1448 1829 Sed

774 1844 907 1879 tamen
944 1837 996 1879 ad
1032 1837 1146 1879 illam
1176 1840 1280 1880 diem
1311 1840 1444 1884 Mem-

772 1894 885 1936 mius.
934 1891 1301 1943 Additamentum‚
1330 1897 1446 1952 quod

774 1947 816 1989 in
843 1947 1023 2002 vulgatis
1052 1946 1249 2004 Capellae
1276 1950 1445 1994 Editio-

50 1615 253 1664 Pithoeus
273 1616 516 1661 emendavit
535 1614 720 1660 exCice-

48 1685 157 1717 rone
175 1684 254 1730 pro
273 1672 446 1717 Muren.
469 1685 537 1728 23.
569 1671 639 1715 ubi
663 1672 721 1715 ita

48 1727 228 1784 legitur:
268 1727 419 1786 Legem
452 1728 619 1770 ambitus
642 1725 717 1781 fla·

44 1779 215 1843 gitafli,
239 1795 336 1839 quae
361 1784 434 1826 tibi
458 1795 537 1825 non
558 1784 719 1826 deerat:

48 1846 136 1885 erat
176 1841 281 1882 enim
303 1839 439 1895 severi
468 1852 540 1881 ime
561 1837 719 1894 scripta

50 1896 283 1950 Calpurnia.
339 1895 391 1938 R.
473 1894 680 1949 tephanus
703 1923 718 1944 ‚

45 1953 157 2002 unde
179 1950 300 1994 loeus
320 1948 482 1995 sumtus
505 1948 631 2001 effet,
659 1948 719 2004 ig-

46 2018 202 2052 norans
213 2035 228 2058 ‚
250 2005 376 2059 longe
393 2016 418 2046 a
429 2016 533 2046 vero
551 2003 714 2046 aberra-

45 2063 115 2107 vit
141 2060 434 2118 conjiciendo:
468 2059 615 2116 Legem
624 2059 713 2113 fre-

47 2121 211 2178 quenter
228 2119 389 2176 agitas,
418 2129 513 2173 quae
537 2117 611 2159 tibi
632 2116 711 2159 ἀς.

59 2260 65 2266 ·
103 2232 209 2288 Bis]
244 2205 374 2275 ¹Hanc
401 2239 556 2272 vocem
584 2227 712 2271 omit-

42 2290 100 2335 tit
123 2287 313 2346 Capella.

771 2001 891 2047 nibus
915 2000 1004 2054 est,
1032 2002 1158 2046 fluxit
1189 2016 1213 2046 a
1236 2004 1409 2049 librario
1429 2040 1443 2061 ‚

773 2069 1000 2109 monente,
1049 2060 1094 2100 in
1135 2059 1241 2114 alio,
1276 2060 1441 2106 scilicet

772 2111 936 2157 Codice
955 2144 967 2166 ,
996 2114 1103 2170 legi:
1143 2114 1357 2160 Memmius
1390 2121 1443 2163 ad

771 2169 873 2211 illud
903 2177 1053 2225 tempus
1086 2170 1313 2216 Memmius.
1357 2218 1360 2222 ,

830 2281 907 2325 Sed
925 2282 1027 2324 idem
1040 2285 1139 2339 quod
1148 2281 1438 2343 significatur]

770 2339 950 2383 Scribe:
968 2337 1043 2393 sed
1076 2340 1119 2380 id
1154 2342 1252 2396 quod
1274 2338 1434 2397 signifi-

74 2447 77 2453 ,
104 2402 182 2446 Sed
214 2410 346 2444 tamen
377 2401 428 2443 ad
460 2399 574 2441 illum
605 2399 708 2440 diem
764 2403 892 2438 catur.

43 2458 261 2503 Memmius
315 2465 402 2500 erat
453 2453 706 2509 Memmius]

42 2514 164 2560 Hinc
186 2510 367 2556 Grotius
377 2511 562 2556 restituit
575 2509 707 2554 Mart.

39 2569 260 2630 Capellam
277 2596 292 2619 ,
320 2567 362 2611 in
385 2580 471 2623 quo
493 2565 626 2622 vulgo
650 2566 708 2609 le·
766 2563 904 2606 Verba
947 2562 1045 2607 sunt

40 2628 185 2696 gitug:
223 2624 302 2677 Sed
340 2629 472 2677 tamen
514 2623 566 2666 ad
595 2622 711 2671 illam

822 2507 964 2557 Ferro,
981 2507 1096 2561 ferro
1143 2508 1300 2563 inquit.
1318 2510 1435 2566 δια]

1087 2540 1310 2608 Ciceronis
1357 2579 1436 2622 pro

769 2619 943 2665 Caecin.
981 2631 1024 2676 9.
1059 2631 1116 2665 ex
1147 2631 1234 2677 quo
1266 2630 1459 2664 textum:

1370 2690 1434 2722 re-
