1794 3242
339 252 520 308 <xxm
617 238 1499 305 PRAE'FATIO.

373 363 655 430 dationibus
679 375 703 434 ς
748 381 876 440 quas
915 368 968 422 in
998 365 1252 434 editionem
1298 369 1519 442 nostram
1547 371 1738 447 recepi-

373 455 494 495 mus.
1646 471 1648 473 >

447 511 721 587 Noviffime
742 517 1093 588 Argentorati
1119 520 1275 586 1756.
1299 535 1347 586 4.
1379 517 1741 591 RhetoresPi-

371 588 574 656 thoeani
595 592 804 662 repetiti
803 588 932 664 sunt
954 608 1062 646 cum
1088 595 1215 646 notis
1239 592 1439 647 Claudii
1454 593 1738 665 Capperon-

342 670 347 676 ’
369 665 502 718 nerii
514 700 531 727 ‚
557 663 812 718 editionem
837 677 1052 720 curante
1063 666 1193 721 Phil⁴
1211 665 1493 732 Christiano
1506 667 1736 738 Rang'io,

367 739 456 811 qui
492 738 646 793 etiam
682 737 914 806 editiones
937 739 1321 794 Rhenanianam
1353 738 1430 807 &2
1462 740 1735 805 Aldinam‚

366 827 654 884 quanquam
688 812 1046 883 negligentius,
1092 813 1330 879 contulit,
1377 812 1451 880 &’
1489 811 1735 887 conjellu-

365 901 463 952 ras
494 887 549 940 in
572 885 823 941 Rutilium
847 884 922 952 ἐξ)
943 887 1189 960 Aquilam
1204 924 1221 951 ,
1258 903 1384 959 quas
1417 887 1732 960 virquidam

364 961 565 1031 egregie
584 957 752 1033 dolius
784 962 838 1014 in
874 962 1106 1032 margine
1143 960 1369 1017 editionis
1392 960 1622 1019 Rhenan.
1647 979 1733 1018 no-

364 1035 524 1098 tarat
547 1071 565 1100 ,
605 1033 810 1107 adjecit.
1246 1100 1249 1102 q

437 1109 591 1163 Initio
613 1108 1024 1179 corstitueramus
1045 1113 1135 1166 uni
1160 1111 1356 1166 Rutilio
1378 1110 1508 1166 hanc
1528 1120 1732 1184 operam

359 1199 581 1251 navare,
656 1183 796 1238 Nam
823 1185 1070 1258 Aquilam
1096 1183 1171 1252 ἐξ
1203 1185 1532 1254 Rufinianum
1549 1226 1566 1253 ,
1612 1202 1730 1258 quos

349 1267 572 1332 propter
625 1261 918 1329 argumenti
965 1259 1339 1329 fimilitudinem
1401 1259 1683 1332 Stephanus
1707 1301 1725 1328 ,

357 1333 610 1388 Gesnerus
623 1373 638 1400 ‚
675 1331 751 1399 &²
783 1333 875 1388 alii
905 1333 1101 1388 Rutilio
1117 1335 1440 1406 junxerant,
1478 1351 1573 1389 non
1587 1332 1726 1406 satis

353 1405 553 1477 dignos,
591 1409 677 1480 qui
714 1423 824 1460 cum
861 1422 914 1461 eo
941 1408 1290 1479 jungerentur
1303 1448 1320 1477 ‚
1349 1407 1722 1481 judicabamus.

353 1479 546 1544 Verum
569 1489 680 1534 cum
705 1482 934 1551 cogitare
966 1480 1267 1554 coepzffemus
1283 1518 1300 1545 ‚
1337 1493 1608 1556 utrumque
1626 1493 1723 1556 pa.-

351 1571 461 1621 rem
481 1571 591 1608 cum
617 1554 812 1607 Rutilio
820 1551 1019 1626 fhrtem
1059 1558 1113 1610 in
1147 1555 1494 1628 Stephaniana
1523 1554 1721 1626 officina

337 1625 577 1700 stabiiffe,
616 1636 815 1682 mutato
829 1628 1018 1701 confilio
1030 1665 1050 1694 ,
1089 1645 1167 1683 eos
1189 1645 1373 1703 quoque
1395 1630 1467 1684 ad
1483 1633 1721 1703 antiqua-

342 1710 469 1769 {rum
501 1700 769 1768 editionum
791 1701 944 1772 fidem
980 1702 1289 1768 restituimus
1311 1742 1328 1768 ,
1360 1704 1630 1778 *Aquilam
1652 1703 1725 1759 ad

345 1777 592 1843 Venetam
615 1814 634 1842 ,
682 1774 1071 1832 Rhenanianam
1118 1775 1194 1844 59⁹
1231 1777 1479 1832 Aldinam
1506 1816 1525 1844 ‚
1575 1778 1721 1849 Rufi-

345 1852 553 1912 nianum
589 1849 660 1905 ad
675 1847 846 1922 solam
876 1850 1277 1906 Rhenanianam.
1337 1853 1402 1907 In
1438 1851 1517 1907 his
1535 1870 1711 1909 ,recen-

331 1923 504 1997 sendis
543 1924 683 1979 nulla
718 1923 851 1980 nobis
893 1942 929 1979 a
967 1925 1116 1980 libris
1133 1924 1340 1998 scriptis
1357 1924 1583 1999 subfidia
1592 1927 1717 1999 fue-

340 2007 506 2064 runt5
543 2015 631 2054 nec
665 2000 805 2054 tanti
837 1998 1117 2055 videbatur
1144 2037 1163 2066 ,
1210 2000 1303 2055 illa
1324 2039 1343 2067 ‚
1393 2017 1502 2055 cum
1540 2001 1714 2073 nostra

343 2071 419 2144 §9⁹
443 2074 719 2137 amicorum
746 2073 966 2144 molestia
980 2111 997 2139 ,
1032 2076 1339 2147 conquirere.
1526 2121 1530 2126 .

351 2138 667 2220 ‘Aquilam
692 2185 711 2211 ,
761 2146 977 2202 diximus
1018 2158 1072 2220 p.
1118 2165 1236 2216 140.
1263 2172 1265 2175 ·
1288 2151 1583 2218 inferiorem
1619 2149 1712 2222 effe

340 2230 563 2292 tempore
602 2221 992 2277 Antoninorum.
1080 2223 1229 2278 Nunc
1273 2223 1499 2278 addimus
1523 2262 1540 2288 ,
1599 2242 1710 2280 eum

324 2294 644 2367 fhperiorem
671 2294 762 2367 effe
794 2312 920 2350 aevo
949 2296 1278 2366 Coissantini.
1353 2298 1494 2352 Nam
1528 2297 1709 2354 lauda-

333 2370 478 2436 ‘tura'
495 2367 643 2438 Julio
669 2368 965 2439 Rufiniano,
989 2374 1073 2444 qui
1081 2368 1183 2443 sub
1209 2370 1524 2443 Corstantino
1544 2374 1704 2430 vixit.

338 2445 521 2515 Itaque
544 2443 755 2498 multum
766 2444 991 2515 fallitur
1016 2445 1143 2514 Jac.
1178 2445 1295 2499 Nic.
1337 2446 1543 2513 Loe'nsis
1575 2448 1704 2510 Epi-

328 2517 484 2608 Phyll.
522 2516 626 2587 III.
660 2521 742 2573 16.
768 2521 856 2594 qui
878 2536 986 2590 eum
1009 2519 1170 2580 credit
1185 2519 1502 2586 Maecenatis
1524 2518 1618 2651 eff}
1635 2522 1701 2578 li.-

1060 2618 1069 2624 ”
1616 2611 1698 2650 er*
