1794 3242
352 235 516 288 'xxvt
622 217 1511 285 PRAEFATIO.

355 358 459 410 ·Ex
485 352 573 409 hoc
595 359 899 409 monumento
923 353 1190 419 Rufiniani
1211 371 1323 410 cum
1343 364 1566 413 aetatem
1579 393 1599 423 ‚
1632 367 1742 415 tum

358 427 702 503 profeffionem
731 429 1064 499 intelligimus.
1107 429 1306 484 Orator
1336 431 1646 499 accipiendus
1674 433 1744 506 est

354 504 547 559 *rhetor
613 521 680 559 ex
739 503 963 558 cadentis
1021 503 1331 559 Latinitatis
1385 502 1744 578 consuetudine.

370 580 425 649 ζΓ
417 595 499 634 res
528 578 729 632 Titiani
750 577 975 633 rhetores
1002 593 1232 634 oratores
1250 589 1568 651 vocantura
1587 579 1746 653 Capi-

355 653 519 711 telino
567 654 845 708 Maximin.
898 651 1024 720 Jun.
1072 669 1117 708 1.
1168 651 1436 726 Gaffiodor.
1489 654 1548 710 de
1582 653 1775 725 Instit.‘

358 729 473 784 ilio.
526 727 661 782 liter.
707 741 789 794 25.
845 725 919 793 89⁹
952 728 1008 780 in
1045 743 1295 783 marmore
1331 727 1471 797 apud
1505 729 1748 786 Fabnett.

363 808 415 876 p.
462 808 579 857 208.
621 799 695 868 &⁹
721 815 846 870 700.
898 799 1257 868 Endelechius,
1292 803 1380 875 qui
1404 801 1479 870 &⁹
1499 801 1605 876 ipse
1626 803 1746 860 rhe-

355 886 455 932 ‘tor
479 875 620 947 fuit,
660 888 833 928 orator
858 876 911 928 in
920 873 1314 948 subscriptione,
1352 892 1502 949 quam
1523 878 1578 933 in
1605 878 1752 934 Taci-

280 1010 289 1015 ,
360 954 419 1006 *ei
454 951 526 1019 &²
551 950 757 1022 Apuleji
791 948 904 1003 Cod.
944 950 1234 1006 Florentino
1265 955 1461 1024 reperit
1492 951 1717 1010 Picbena
1732 990 1752 1019 ‚

373 1030 426 1082 in
463 1026 673 1097 Apuleji
699 1022 811 1078 Cod.
853 1023 1017 1080 Vatic.
1059 1024 1351 1081 Sirmondus
1371 1025 1446 1080 ad
1464 1025 1627 1082 Salon.
1668 1029 1750 1084 A·

366 1100 535 1174 pollin.
568 1100 656 1154 IV.
685 1103 733 1155 8.
809 1098 962 1153 Felix
992 1101 1113 1154 item
1141 1113 1315 1154 orator
1350 1102 1404 1154 in
1415 1099 1754 1175 subscriptio-

374 1193 434 1230 ne
462 1173 598 1228 Codd.
620 1173 866 1239 Horatii,
886 1190 1035 1247 quam
1061 1174 1274 1238 protulit
1295 1176 1556 1247 Bentlejus
1580 1176 1752 1248 praef.

374 1249 447 1306 ad
472 1249 661 1303 Horat.
697 1259 747 1321 p.
774 1249 821 1303 6.
901 1248 1154 1318 Arusiani
1187 1247 1359 1321 Meffii
1383 1250 1755 1318 Elocutionum

375 1325 612 1395 exempla
664 1322 791 1377 hunc
843 1323 1049 1377 titulum
1104 1322 1453 1395 praeferunt:
1511 1322 1758 1384 ‘Arufiani

359 1397 551 1454 ,Meffii
591 1397 658 1450 V.
701 1396 760 1450 C.
803 1397 896 1449 Or.
951 1397 1170 1452 Comitis
1196 1397 1355 1467 vprimi
1393 1396 1589 1460 ordinis
1613 1399 1760 1468 Qua-

377 1472 557 1544 driga,
597 1472 713 1538 &a
753 1470 840 1525 ubi
867 1470 963 1525 Or.
1002 1473 1177 1526 nonin
1203 1470 1295 1527 Gr.
1335 1471 1662 1539 mutandum,
1698 1484 1759 1528 ut

372 1549 442 1622 fit
477 1545 845 1608 Grammatici‚
872 1542 971 1618 sed
1007 1544 1354 1616 explicandum
1391 1547 1663 1614 Oratoris,
1701 1558 1762 1602 ut

378 1623 620 1677 Donatus
642 1624 694 1674 in
721 1619 870 1673 titulo
895 1618 1204 1673 Scholiorum
1230 1621 1284 1674 in
1315 1619 1608 1685 Terentium
1643 1621 1760 1676 dici-

381 1707 477 1751 tur
525 1696 593 1747 V.
632 1694 692 1748 C.
735 1693 931 1747 Orator
980 1693 1131 1748 Urbis
1167 1692 1385 1751 Romae.
1472 1696 1566 1752 Ex
1603 1695 1763 1766 JCtis

383 1770 528 1841 hujus
557 1766 932 1839 fignifieationis
968 1767 1198 1837 exempla
1233 1767 1368 1824 dedit
1409 1772 1482 1826 A.
1521 1769 1765 1843 Augusti-

384 1862 478 1899 nus
509 1843 577 1898 ad
600 1840 859 1913 splodestin.
888 1839 940 1914 s
977 1842 1035 1897 de
1073 1839 1269 1915 Excuſs
1300 1854 1352 1916 p.
1402 1858 1556 1914 1571.
1633 1847 1765 1900 Sunt

385 1917 575 1992 quidem
609 1917 699 1971 duo
741 1917 985 1972 Ciceronis
1019 1916 1128 1971 loca
1146 1957 1162 1984 ,
1212 1917 1379 1973 Aoad.
1419 1918 1464 1974 Ι.
1486 1923 1488 1926 ’
1507 1936 1553 1973 2.
1608 1917 1683 1987 εἰ)
1706 1919 1765 1974 de

387 1994 539 2047 Orat.
580 1992 684 2046 III.
726 2008 809 2045 21.
851 1990 936 2046 ubi
970 2005 1144 2045 orator
1171 2001 1275 2063 pro
1306 1991 1512 2048 rhetore
1540 1992 1763 2049 dicatur.

384 2066 486 2123 Sed
506 2083 615 2120 cum
642 2065 827 2136 facilis
855 2067 918 2118 in*
937 2064 1016 2120 his
1044 2066 1247 2120 vocibus
1281 2066 1618 2123 <librariorum
1655 2068 1764 2139 lap-

376 2140 470 2217 sus
505 2140 670 2206 fuerit
690 2177 707 2204 ,
745 2137 993 2210 assentiar
1031 2140 1196 2194 Zach.
1236 2141 1455 2196 Pearcio
1473 2179 1491 2206 ,
1531 2143 1624 2196 illa
1658 2141 1766 2196 loca

386 2216 457 2272 ad
476 2215 693 2269 melioris
715 2216 906 2268 aetatis
932 2229 1159 2268 normam
1170 2213 1463 2285 castiganti.
1494 2216 1625 2273 Vide
1648 2233 1765 2271 eun-

389 2291 495 2347 dern
522 2289 593 2344 ad
617 2289 661 2343 I.
701 2288 757 2343 de
783 2288 941 2343 Orat.
982 2288 1069 2342 62.

459 2365 678 2436 Reliqua
709 2361 858 2433 hujus
889 2363 1191 2427 marmoris,
1229 2363 1321 2433 etsi
1343 2381 1435 2418 non
1470 2364 1543 2420 ad
1559 2373 1769 2437 patrem

376 2438 745 2505 Rufinianum,
783 2435 878 2510 sed
909 2438 977 2491 ad
993 2436 1163 2505 filium
1195 2441 1488 2507 pertineant
1514 2476 1535 2506 ,
1597 2450 1770 2497 tamen

386 2516 561 2589 paucis
584 2510 937 2580 emendare&
950 2510 1213 2582 illzfirare
1245 2512 1376 2568 nihil
1397 2524 1560 2570 vetat.
1586 2514 1772 2569 Prima

1668 2601 1771 2642 vox
