1794 3242
313 232 418 293 170
521 216 998 292 ‘AQUILAE
1073 217 1502 278 ROMANI
1602 249 1607 262 ι

383 336 603 393 XXVII.
644 336 684 392 P
697 355 728 391 A
744 352 779 392 a
791 354 825 392 0
837 353 873 391 N
889 353 922 391 o
936 350 979 390 M
994 351 1026 390 A
1039 349 1064 390 s
1081 351 1100 389 1
1118 351 1148 391 Α
1161 372 1177 401 ,
1216 335 1342 390 levis
1371 335 1690 397 immutatio?

305 419 450 475 Haec
472 417 637 493 figura
659 419 730 474 ita
759 430 908 491 ornat
932 418 1258 490 orationem,
1295 429 1355 473 ut
1384 417 1438 473 in
1466 419 1685 475 nomine
1708 424 1714 429 '

304 501 471 559 autin
495 500 656 557 verbo
677 499 939 557 interdum
964 500 1178 574 syllaba,
1217 505 1597 574 nonnunquam
1625 501 1687 556 li-

308 589 417 641 tera
452 586 757 650 immutata,
806 582 1000 638 diversa
1035 579 1290 655 fignificet
1315 618 1334 647 ‚
1392 593 1452 637 ut
1490 579 1529 638 fi
1562 583 1713 638 velis:

308 663 375 721 fic
414 663 721 719 enuntiare:
770 665 997 719 Praetor
1031 662 1149 729 ille,
1186 662 1276 718 vel
1308 664 1473 738 potius
1500 662 1690 738 praedo

295 747 563 822 ficiorum.
641 745 708 800 Et
733 743 972 816 frequens
997 744 1121 801 illud
1150 744 1290 818 apud
1326 759 1527 802 veteres
1560 747 1694 821 ejus-

311 828 455 887 modi
482 828 578 883 est:
621 826 717 883 Cui
735 827 863 903 quod
881 828 1002 884 libet
1017 866 1034 895 ‚
1069 827 1156 884 hoc
1179 828 1310 885 licet.
1388 829 1520 886 Non
1545 827 1692 894 inde·

313 933 434 972 core
470 914 678 969 interim
707 912 764 969 δε
787 915 970 987 prioris
1001 914 1145 971 verbi
1170 913 1525 988 postremitaS‚
1561 911 1694 970 fimi-

311 996 531 1055 Iitudine
567 996 854 1070 posterioris
891 998 1177 1069 excipitur,
1214 1011 1273 1054 ut
1307 999 1353 1055 se
1377 998 1554 1055 habet:
1595 997 1693 1055 Le-

307 1097 422 1152 gem
441 1080 666 1151 flagitas
684 1115 702 1144 ,
739 1095 867 1151 quae
901 1078 1001 1134 tibi
1031 1096 1126 1135 non
1163 1079 1336 1136 deerat
1351 1099 1369 1134 .·
1421 1088 1540 1136 erat
1562 1081 1715 1136 enim·
1782 1105 1791 1113 ·

314 1158 674 1234 diligentffme
696 1158 927 1234 scripta.

667 1252 669 1259 '
1443 1245 1690 1303 XXVIII.

369 1438 851 1502 PARONoMAsn]
910 1439 980 1483 Sic

316 1507 394 1551 pro
427 1494 668 1549 Paronymia
693 1528 708 1549 ,
746 1495 817 1538 vel
837 1494 982 1538 mvitis

319 1549 436 1594 libris
461 1580 475 1601 ‚
528 1547 761 1604 scripfimus
798 1562 852 1592 ex
884 1549 980 1591 Ale-

321 1604 481 1648 xandro
524 1603 581 1645 Il.
624 1617 691 1647 20.
748 1617 789 1660 p.
823 1611 892 1651 82·
942 1604 983 1647 &

320 1660 453 1704 Mart.
479 1657 670 1714 Capella.

375 1768 510 1811 *Levis
554 1769 813 1826 immutatio]
861 1768 986 1812 Hanc

323 1823 498 1868 Aldinae
523 1822 745 1867 lestionem
761 1824 801 1867 dt
819 1837 883 1867 res
899 1823 985 1878 ipsa

324 1877 532 1935 postulat,
563 1877 603 1920 ἀ
631 1877 803 1934 Capella
831 1878 985 1922 confir-

326 1943 425 1978 mat.
451 1932 557 1976 Edd.
590 1933 744 1978 Venet.
777 1935 818 1978 &
849 1934 986 1978 Rhen.

327 1990 431 2031 levis
453 1989 637 2032 imitatio.

383 2099 550 2142 Praetor
574 2095 677 2152 iste]
706 2096 826 2139 Male
850 2097 893 2142 in
913 2097 991 2140 Ca-

327 2154 438 2215 pella
463 2150 657 2214 scribitur
681 2164 691 2192 :
733 2150 901 2202 Praetor
922 2151 990 2206 esi.

328 2208 410 2307 213³]
415 2205 708 2318 afflig-regg?
748 2205 890 2250 laudat
924 2208 992 2261 Ju-

385 2317 538 2360 Praedo
567 2317 805 2359 caballorum
824 2316 992 2360 Praetor

304 2444 306 2448 ’
331 2372 583 2528 (ῗυεὶιβξῃίῖιειξῖῃ
615 2426 734 2490 mum.
760 2428 901 2471 locum
924 2427 994 2471 alii

332 2497 356 2526 a
375 2495 453 2525 lter
474 2483 640 2542 legunt,
662 2482 702 2524 δε
723 2492 993 2536 mterpretan-

333 2548 446 2641 {3312
468 2534 807 2648 &amabe
824 2549 1003 2640 ¹³22&ssssss

1035 1439 1153 1494 plum
1181 1438 1246 1482 his
1277 1436 1416 1484 verbis
1448 1439 1599 1495 ponit:
1627 1438 1698 1482 ·Si

1036 1507 1114 1536 non
1127 1502 1345 1549 praetorem
1365 1502 1401 1538 ze
1412 1524 1428 1548 ‚
1444 1494 1519 1551 sed
1532 1495 1698 1549 praedo-

1037 1562 1126 1592 nem
1147 1551 1324 1592 dicimus.

1101 1660 1174 1702 Cui
1203 1662 1300 1716 quod
1328 1660 1448 1712 libet,
1481 1661 1548 1703 hoc
1579 1659 1701 1716 licet]
1759 1694 1762 1698 .

1042 1712 1198 1757 Cleero
1220 1727 1298 1769 pro
1322 1714 1471 1776 Quint.
1497 1728 1568 1771 30.
1631 1717 1707 1760 Sin

1043 1767 1092 1815 ὃ)
1107 1771 1251 1822 poterit
1281 1769 1467 1812 Naevius
1498 1771 1544 1812 id
1562 1800 1578 1822 ,
1605 1771 1704 1826 quod

1044 1823 1162 1877 libet,
1191 1823 1240 1870 ὅ)
1260 1825 1297 1866 ei
1318 1824 1449 1867 libebit
1465 1855 1479 1878 ‚
1504 1826 1602 1880 quod
1625 1838 1704 1867 non

1043 1878 1148 1920 licet.
1190 1878 1297 1922 Phil.
1334 1878 1365 1922 1.
1411 1891 1475 1936 13.
1546 1879 1666 1923 Licet
1687 1910 1703 1933 ,

1044 1934 1140 1988 quod
1172 1935 1306 1989 cuique
1336 1934 1431 1976 libet
1458 1965 1472 1987 ,
1514 1934 1549 1977 lo
1575 1941 1722 1978 natur.-

1045 1987 1207 2030 Αυὲὶοῑ·
1233 1988 1285 2030 ad
1313 1987 1500 2033 Herenn.
1531 1989 1551 2034 1
1597 2021 1608 2033 .
1637 1988 1709 2043 '25-

1037 2040 1077 2095 fi
1095 2043 1208 2094 illis,
1238 2041 1286 2090 ὅ)
1303 2045 1399 2099 quod
1428 2044 1564 2097 libet,
1580 2044 1673 2087 licet
1690 2075 1707 2097 ,

1048 2096 1097 2146 ἐξ
1113 2099 1210 2154 quod
1232 2098 1351 2152 licet,
1372 2098 1539 2154 poffunt.

1103 2207 1315 2264 Indecore]
1361 2207 1466 2253 Edd.
1489 2208 1640 2254 Venet.
1665 2208 1708 2252 dc

1048 2263 1181 2306 Rhen.
1210 2265 1439 2307 indecorem.

1104 2372 1255 2429 Legem
1273 2370 1442 2429 flagitas
1460 2404 1474 2427 ‚
1514 2387 1610 2430 quae
1637 2377 1710 2417 tibi

1049 2440 1126 2470 non
1162 2431 1292 2469 deerat
1317 2442 1331 2471 .·
1365 2435 1451 2469 erat
1486 2432 1591 2472 enim
1621 2430 1714 2472 dili-

1051 2480 1263 2539 gentiffime
1277 2481 1462 2537 scripta]
1504 2483 1723 2528 Mendose.

1052 2547 1217 2578 veteres
1240 2537 1345 2579 Edd.
1375 2538 1525 2595 Legem
1540 2539 1594 2592 fr
1648 2539 1715 2582 ili-

1054 2600 1141 2646 tas,
1184 2589 1233 2640 ἐπ”
1264 2592 1361 2651 quae
1390 2594 1462 2637 tibi
1487 2594 1569 2641 ὅτε,
1644 2591 1713 2694 βᾶ
