1794 3242
0 537 11 587 e

0 589 14 696 ἱ

0 697 9 775 l

279 190 728 275 ORATORUM
788 198 892 258 GR
900 199 1269 260 AECORUM
1271 249 1284 263 .
1396 225 1491 267 m

6 360 15 399 3
101 345 294 408 ceptor·
311 334 602 388 Oratorum
619 369 637 397 ,
658 344 791 403 quos
818 325 1063 400 deinceps
1089 332 1493 404 recensebimus,

100 426 265 484 prope
294 407 550 475 omnium.
578 405 763 461 Cicero
789 401 855 459 de
891 405 1042 459 Orat.
1086 405 1146 457 ll.
1195 423 1279 460 22.
1361 413 1494 466 Ecce

101 483 200 541 tibi
225 493 436 541 exortus
468 480 537 554 <²st
571 481 827 551 Isocrates
841 517 858 544 ‚
895 478 1138 551 magister
1160 478 1369 549 Morum
1394 503 1492 538 orn-

100 561 271 626 nium,
310 559 453 631 cujus
477 574 504 613 e
526 556 672 622 ludo,
710 566 957 628 tanquam
984 571 1052 609 ex
1082 572 1204 628 equo
1236 557 1494 631 Trojam,

100 634 234 690 meri
257 636 514 708 principes
550 632 791 686 exierunt
820 649 838 683 .·
871 627 971 702 fi’d
1001 646 1172 685 eorum
1213 637 1416 703 partim
1441 638 1495 689 in

95 718 279 783 pompa
302 747 320 774 ,
364 709 566 780 partim
599 709 651 762 in
676 708 785 761 acie
825 703 1046 773 illustres
1072 703 1165 776 effie
1197 707 1489 764 voluerunt.

101 785 287 858 Itaque
323 781 399 852 &⁶
439 782 555 847 illi,
603 779 928 855 Theopompi,
975 779 1199 852 Ephori,
1250 782 1457 855 Philssi
1472 823 1492 851 ‚

99 858 412 915 Naucratae
432 895 452 924 ‚
510 856 757 933 multique
802 856 900 910 alii
946 857 1154 910 naturis
1193 854 1442 930 dff’runt
1470 880 1491 917 ι

0 916 5 983 zE
97 934 365 990 voluntate
392 943 564 988 autem
586 930 769 1004 fimiles
787 928 938 1002 sunt,
977 928 1214 996 &inter
1239 931 1385 1005 feste,
1412 937 1489 1003 59⁹

0 1016 6 1047 ἱ
99 1010 240 1082 magi
281 1010 365 1064 ri:
403 1005 480 1075 &
517 1008 590 1073 ii,
629 1008 716 1080 qui
726 1003 790 1079 se
812 1005 885 1061 ad
912 1003 1107 1077 cauffas
1131 1009 1488 1077 contulerunt,

97 1095 158 1139 ut
198 1081 548 1153 Demosthenes
575 1118 595 1146 ,
643 1079 932 1154 Hyperides
959 1121 976 1149 ‚
1027 1079 1297 1153 Lycurgus
1311 1122 1331 1149 ,
1382 1087 1490 1140 Ae-

82 1157 285 1233 fthines
298 1197 314 1223 ,
352 1155 681 1224 Dinarchus,
719 1156 908 1229 aliique
946 1156 1248 1228 complures,
1288 1161 1380 1228 etsi
1412 1164 1487 1216 in-

91 1247 179 1292 ter
201 1234 265 1308 Je
285 1249 442 1307 pares
479 1248 575 1286 non
596 1230 828 1303 suerunt
847 1268 865 1296 2
903 1241 1076 1286 tamen
1087 1230 1220 1304 fimt
1244 1250 1408 1291 omnes
1433 1239 1488 1291 in

91 1310 254 1367 eodem
295 1310 545 1364 veritatis
580 1306 861 1362 imitandae
896 1324 1086 1378 genere
1116 1305 1336 1379 versati.
1395 1312 1486 1367 ubi

0 1380 7 1436 ss
90 1384 380 1441 Lambinus
407 1383 541 1438 bene
566 1382 732 1451 reiicit
759 1380 1037 1454 glossema,
1078 1381 1221 1453 quod
1256 1381 1321 1441 de
1350 1405 1486 1440 mar-

87 1461 213 1534 gine
237 1461 288 1514 in
316 1471 518 1512 textum
555 1455 990 1527 venit27nagisler
1013 1454 1219 1528 istorum
1246 1463 1482 1528 omnium,

89 1535 173 1589 cui
220 1532 402 1590 frustra
447 1530 687 1587 codicum
732 1532 1033 1601 conlensum
1081 1531 1263 1599 oincit
1312 1533 1481 1591 Zacli.

0 1610 4 1615 ’
34 1669 39 1676 ,
84 1608 341 1665 Pea‘rciuS.
419 1606 561 1662 Nam
598 1608 838 1678 pleraque
864 1604 1197 1676 glossemata,
1239 1626 1368 1679 quae
1396 1614 1479 1667 vel

84 1683 146 1739 in.
168 1685 454 1748 Cicerone,
498 1684 578 1736 vel
621 1682 675 1736 in
702 1682 813 1736 aliis
855 1680 1186 1753 scriptoribus
1224 1685 1480 1755 reperian-

8 1803 16 1807 .
83 1773 201 1827 tur,
236 1757 516 1815 vetustiora
545 1758 661 1812 sunt
676 1754 986 1822 Codicibus,
1026 1756 1113 1828 qui
1141 1775 1284 1834 nunc
1310 1762 1478 1832 super-

81 1835 206 1896 sunt.
299 1831 402 1888 Sed
454 1832 593 1887 idem
644 1832 855 1905 gravius
901 1831 1134 1904 peccavit
1173 1834 1480 1905 recipienda:

79 1907 415 1982 pessimorum
445 1907 696 1963 librorum
734 1907 1017 1977 scriptura:
1070 1916 1242 1961 tamen
1266 1907 1396 1980 sunt
1419 1928 1471 1965 0-

82 2001 218 2040 mnes
239 1987 294 2039 in
315 1982 474 2038 eodem
498 1983 721 2037 virtutis
745 1980 1024 2036 imitandae
1028 1998 1218 2053 genere
1244 1982 1473 2057 versati.

27 2058 30 2059 ⁷
78 2059 268 2130 Neque
295 2058 438 2113 enim
465 2058 652 2112 vitium
677 2054 749 2111 est
774 2057 827 2111 in
852 2058 1129 2124 veritatis,
1168 2054 1247 2112 sed
1276 2059 1328 2113 in
1355 2062 1472 2116 imi-

74 2134 280 2204 tandae.
320 2133 493 2204 Lege:
535 2144 705 2187 tamen
726 2129 856 2204 sunt
879 2148 1038 2187 omnes
1062 2134 1114 2186 in
1137 2131 1298 2187 eodem
1322 2138 1468 2191 veri-

74 2213 203 2266 tatis
227 2207 477 2264 tutandae
497 2224 686 2280 genere
707 2203 926 2280 versati.
945 2206 1140 2263 Tutari
1163 2208 1478 2278 veritatem,

75 2285 375 2340 conservare
401 2282 752 2354 eloquentiam
768 2319 785 2347 ,
822 2300 953 2355 quae
978 2300 1124 2336 veras
1152 2281 1340 2339 cauffas
1361 2299 1467 2343 tra-

70 2357 178 2417 fiat
204 2399 221 2427 ‚
275 2376 387 2413 non
433 2357 581 2414 fitstas
617 2356 683 2412 ad
724 2358 1145 2414 ostentationem.
1210 2358 1336 2415 Vim
1367 2380 1462 2418 vo·

69 2434 142 2492 cis
181 2435 389 2504 veritas
419 2432 758 2505 explicuimus
792 2430 856 2487 ad
890 2432 1051 2487 Rutil.
1095 2433 1158 2485 ll.
1199 2435 1250 2489 6.
1290 2454 1342 2508 p.
1368 2452 1468 2509 92&

68 2508 156 2563 De
199 2510 414 2564 Isocrate
453 2505 672 2582 infignis
707 2507 864 2563 etiam
895 2510 1036 2563 locus
1074 2505 1144 2562 est
1186 2508 1466 2567 Ciceronis

61 2582 219 2651 Brut„
242 2587 290 2653 8.
330 2601 484 2658 quem
514 2582 570 2641 &
603 2584 768 2658 ipsum
797 2583 1111 2656 interpretes
1139 2585 1273 2641 male
1312 2604 1460 2642 acee-

1371 2678 1461 2734 pe-
