1794 3242
224 228 471 301 „pff-‚Pla
506 232 722 294 SENT.
760 248 838 304 ΕΤ
874 228 1084 293 ELOC.
1137 233 1257 295 Lm.
1299 237 1339 293 1.
1417 239 1491 298 61

105 373 224 417 nam
245 395 264 423 ,
308 363 497 425 venter
533 351 606 409 ad
625 327 960 412 aviditatem,
997 351 1207 423 [virilis
1238 364 1502 434 naturae}

102 421 331 505 &embra
357 474 378 504 ,
425 452 555 511 quae
589 451 684 491 non
721 430 971 510 poffumus
993 434 1181 507 honeste
1207 438 1501 510 appellare,

103 519 177 576 ad
193 537 332 578 omne
341 536 505 595 genus
516 519 864 595 corruptelae,
893 530 983 604 pes
1005 518 1077 577 ad
1085 517 1297 593 sugam.
1337 521 1498 581 Pror-

1401 605 1502 683 sus

102 827 176 864 ret.
217 819 496 884 QuinQilian'.
531 819 611 864 XI.
639 835 682 877 3.
725 835 768 878 p.
826 835 917 878 ergo
954 821 1032 864 Dii
1051 820 1174 876 seo'cas
1197 853 1211 875 ,
1251 818 1308 869 &¹
1329 823 1497 878 genitae

100 888 199 931 574.
232 875 332 920 oculi
353 876 494 934 lascivi
523 876 573 924 {9⁹
595 878 766 922 mobiles.
825 878 923 919 lium
935 879 1193 932 membrorum,
1208 878 1494 935 circumferam

815 932 1062 987 foeditates,
1086 945 1182 988 quas
1202 934 1323 975 etiam
1344 946 1396 976 ex
1416 936 1497 976 ori-

159 985 312 1029 Vin'lis
359 993 528 1030 naturae
572 989 769 1041 membra,
803 986 893 1029 ‘bus
912 988 1143 1029 verecundis
1173 987 1323 1042 infame
1341 986 1496 1044 estfia's

99 1053 197 1098 quae
217 1054 296 1084 non
317 1050 370 1098 po
399 1055 509 1085 umus
525 1042 678 1097 bonelie
694 1052 766 1099 ap·
823 1042 1153 1097 appellationibus
1171 1045 1381 1097 promere?
1420 1044 1495 1087 ubi

94 1093 281 1152 pellare]
377 1109 434 1140 on
472 1098 612 1141 verbis
657 1103 766 1154 opus*
823 1109 879 1140 ne
910 1098 1002 1152 quis
1036 1097 1185 1140 e'odern
1215 1097 1306 1151 J‘ure
1336 1101 1497 1155 genita⁴
1543 1126 1550 1130 -

99 1149 163 1195 est
176 1180 191 1203 ,
214 1163 265 1193 ut
285 1151 530 1207 vincamus,
551 1153 686 1195 virilis
698 1166 769 1196 na·
825 1150 922 1194 liam
958 1152 1145 1207 expungi
1189 1153 1305 1207 poffe
1340 1166 1463 1209 putet
1479 1186 1498 1208 ‚

98 1213 210 1249 turae
242 1204 528 1252 foediffirnum
552 1207 634 1251 effe
655 1210 767 1272 glos·
824 1206 1151 1262 sciat‚primurn
1165 1210 1364 1264 genitalia
1377 1223 1494 1252 mem-

97 1259 230 1305 setna.
281 1259 394 1305 Nam
422 1263 522 1306 talia
542 1263 678 1307 velun
705 1263 768 1306 di·
825 1264 896 1305 bra
917 1261 1132 1315 honestius
1155 1263 1267 1315 dici,
1296 1277 1418 1320 quam
1429 1268 1493 1307 vi-

126 1316 191 1359 ito
237 1316 532 1361 demonstraffe
585 1317 647 1362 sat
687 1319 764 1363 est.
822 1319 914 1361 rilis
932 1326 1098 1360 naturae
1128 1320 1326 1370 membra,
1345 1320 1498 1362 deinde

93 1327 298 1416 §olebant
317 1382 459 1417 autem
470 1384 767 1429 veteres,quas
823 1373 937 1416 aliud
979 1372 1143 1416 licuiffe
1174 1373 1364 1417 Arnobio
1397 1373 1497 1418 scri-

91 1438 161 1472 res
181 1427 316 1483 pudor
336 1428 556 1471 nominare
574 1439 766 1480 vetaret,
822 1428 964 1481 beuti,
1006 1439 1056 1470 ac
1087 1426 1289 1484 Lycurgo
1324 1430 1371 1472 in
1396 1438 1497 1474 con-

94 1481 265 1526 venusta
300 1479 507 1526 e‘usmodi
541 1484 763 1528 circumlo-
824 1481 950 1526 cione
973 1513 988 1536 ,
1039 1483 1110 1526 vel
1160 1490 1303 1527 coram
1349 1485 1497 1541 judice

94 1537 268 1580 cutione
330 1535 545 1593 gnificat-e.
606 1538 766 1583 Cicero·
821 1538 998 1581 dicenti.
1057 1537 1175 1580 Idem
1215 1536 1269 1581 V.
1310 1552 1351 1596 p.
1399 1546 1493 1596 17⁶·

93 1589 202 1636 Phil.
225 1590 281 1636 11.
306 1602 371 1642 19.
415 1591 492 1638 Sed
508 1594 598 1650 jam
620 1590 764 1649 stupra
813 1592 1046 1648 propudiosa
1071 1600 1269 1647 corporum
1303 1594 1494 1651 monstra-

93 1644 145 1694 &
192 1643 363 1705 flagitia
409 1649 586 1691 omittam
607 1664 621 1693 .·
663 1650 764 1699 sant
821 1657 886 1691 tur
901 1647 1161 1703 obscoenitas,
1177 1647 1493 1707 abjestantarqzie

91 1704 280 1758 quaedam
300 1732 316 1754 ‚
351 1712 449 1758 quae
489 1701 642 1760 honeste
684 1717 762 1747 non
812 1709 951 1758 partes
974 1703 1096 1754 illae,
1125 1715 1220 1759 quas
1237 1706 1364 1759 pudor
1388 1715 1491 1749 com·-

82 1756 231 1814 poffum
253 1759 395 1801 dicere.
439 1758 563 1816 Apud
586 1759 757 1803 Petron.
817 1759 949 1802 munis
978 1758 1206 1814 abscondere
1230 1767 1350 1815 atque*
1373 1770 1491 1804 natu-

88 1824 182 1867 cap.
226 1825 322 1870 132.
343 1813 521 1870 :aliquis
561 1826 721 1871 partem
741 1848 758 1870 ,
817 1815 921 1858 ralis
962 1815 1226 1857 verecundiae
1262 1815 1327 1858 lex
1363 1817 1492 1862 'ubete

119 1879 169 1910 ua
201 1867 268 1911 vir
297 1879 414 1921 erat,
451 1868 510 1914 fic
543 1870 756 1925 increpat:
815 1883 913 1928 quas
927 1871 1030 1912 inter
1047 1882 1161 1911 aures
1180 1830 1400 1924 castacstyne
1417 1886 1490 1914 ve-

85 1875 203 2026 }uid
222 1924 350 1979 dicis,
367 1926 538 1967 omnium
560 1926 757 1981 bominum
814 1928 885 1968 nia
907 1924 1024 1978 nefas
1045 1921 1100 1979 est
1114 1955 1128 1977 ,
1157 1936 1205 1967 ac
1221 1923 1307 1977 fine
1335 1928 1488 1969 honori·

133 1991 332 2034 eorumque
348 1980 510 2033 pudor?
535 1993 630 2022 nam
646 2011 661 2032 ,
684 1993 755 2023 nec
812 1983 880 2023 bus
912 1979 1111 2035 appellare
1151 1980 1367 2034 praefatis.
1412 1983 1487 2030 ubi

80 2034 282 2076 nominare
319 2035 471 2089 quidem
494 2043 531 2078 te
560 2036 669 2079 inter
691 2049 755 2078 res
809 2036 911 2078 vide
945 2034 1222 2090 lnterpretes.
1282 2035 1488 2083 Ceterum

71 2087 233 2144 serim,
250 2087 331 2143 fas
357 2085 424 2143 est.
455 2089 496 2133 δι
529 2093 670 2144 paucis
688 2091 750 2135 in·
809 2089 1108 2148 negationem,
1149 2101 1227 2132 uae
1239 2092 1486 2147 exciderat,

83 2142 290 2198 ceriestis:
318 2144 440 2200 quod,
469 2145 612 2189 oblitus
640 2159 748 2201 vere-
807 2158 863 2190 ex
895 2142 1095 2188 Gronov.
1162 2156 1336 2202 xcerpt.
1366 2147 1486 2192 resti-

81 2200 246 2242 cundiae
277 2211 384 2242 meae
397 2229 412 2253 ,
451 2213 538 2243 cum
566 2215 613 2244 ea
632 2204 749 2257 parce
807 2202 978 2244 tuimus.
1010 2199 1124 2242 ldem
1144 2212 1200 2243 ex
1227 2201 1398 2258 ingenio
1417 2202 1481 2247 fe-

81 2256 250 2309 corpon‘s
305 2255 427 2298 verba
479 2257 710 2301 contulerim
730 2288 746 2311 ,
804 2268 922 2303 cerat
956 2254 1010 2298 R.
1043 2254 1277 2310 Stephanus
1298 2286 1313 2308 ,
1350 2271 1478 2314 quem

157 2321 195 2351 m
218 2321 268 2352 ne
292 2311 344 2352 ad
363 2312 629 2367 cognitionem
658 2315 744 2370 qui-
802 2310 960 2358 imitati
982 2309 1077 2354 sunt
1095 2312 1356 2356 recentiores
1376 2314 1478 2358 Edi·

105 2376 166 2406 em
182 2365 388 2408 admittere
394 2367 618 2422 severioris·
631 2376 747 2412 notae
803 2379 932 2414 tores.
1158 2391 1160 2393 >

74 2417 252 2463 homines
263 2419 408 2476 splene.
469 2420 747 2470 Declamator
856 2423 935 2467 Pes
950 2423 1002 2465 ad
1013 2419 1186 2478 fugam]
1201 2419 1475 2479 VirgiLAen.

74 2473 121 2517 iu
142 2472 394 2520 Ciceronem
408 2479 533 2532 paulo
546 2489 649 2523 ante
664 2481 747 2525 lau·
804 2479 886 2524 XI.
908 2492 1007 2536 390.

70 2525 192 2572 datm
206 2543 238 2572 ε·
372 2532 523 2598 ὺοῳβε
551 2537 749 2579 nominari
1078 2545 1133 2575 an
1154 2534 1226 2576 tibi
1247 2532 1420 2579 Mavors

71 2594 152 2642 non
239 2541 352 2641 ffi
371 2617 388 2639 ‚
433 2587 625 2645 inhonesti
668 2605 745 2636 ma,
859 2587 1036 2644 Ventoso
1069 2590 1115 2630 in
1148 2589 1290 2646 lingua
1313 2621 1325 2640 ‚
1356 2591 1471 2646 pedi·

72 2636 194 2685 Arno
224 2671 238 2686 .
268 2638 347 2686 111.
377 2653 423 2699 p.
450 2653 544 2700 105.
689 2655 740 2692 nc
904 2647 1043 2702 basque
1052 2642 1276 2703 fugacibus
1297 2641 1420 2699 istis-‘3
