1794 3242
336 248 413 306 30
532 230 588 287 P.
663 218 1160 289 RU‘T‘ILM
1240 212 1541 291 nupt

331 345 514 424 pienda
561 349 758 422 injuria
799 348 1062 423 plerosque
1117 350 1368 406 laetitiam
1403 351 1704 424 Qstenta‘ntes

338 433 559 504 cognovi.
1377 445 1381 450 “

407 511 549 569 VIII.
589 511 962 568 Empnom.
1039 513 1177 567 Inter
1204 511 1302 568 hoc
1329 513 1524 572 schema
1548 516 1705 574 &su-

335 594 507 670 perius
547 593 644 648 hoc
681 593 885 648 interest
912 631 930 660 ,
978 593 1114 665 quod
1151 595 1205 649 in
1246 596 1498 668 superiore
1534 603 1700 656 unum

335 682 553 737 verbum
580 677 804 749 pluribus
830 678 1091 732 sententiiS
1111 681 1484 751 anteponitur,
1519 684 1574 738 in
1599 683 1702 740 hoc

334 774 507 822 autem
532 756 769 812 omniurn
797 756 1163 812 sententiarum
1189 776 1353 814 unum
1385 775 1536 834 atque
1563 761 1703 820 idem

332 839 670 915 noviffinium
708 837 939 893 verbum.
1015 838 1465 898 SostA‘rxs:
1503 844 1621 900 Non
1653 863 1704 902 e-

332 925 435 979 nim
456 923 585 978 alius
612 922 722 994 quis
743 919 841 990 est,
880 921 1024 993 cujus
1043 932 1197 993 opera
1232 924 1288 978 in
1315 922 1408 980 has
1433 924 1704 997 difficultas

240 1059 242 1065 s
330 1017 408 1066 tes
447 1003 764 1062 inciderimus
781 1022 799 1057 .·
825 1001 922 1076 sed
956 1006 1096 1060 initio
1135 1004 1205 1060 ad
1231 1005 1411 1063 bellum
1427 1006 1703 1084 suscipien-

331 1092 446 1147 dum
485 1103 569 1144 nos
599 1089 822 1162 primum
860 1089 1058 1164 impulit
1095 1088 1359 1164 Philippus
1376 1128 1399 1158 ‚
1443 1090 1613 1151 deinde
1648 1093 1708 1147 in

1605 1174 1709 1251 ips⁰

333 1392 399 1433 cia
431 1395 679 1432 venenatam.
722 1386 764 1429 &
785 1414 798 1434 ‚
838 1384 985 1427 inven—
1044 1385 1171 1429 dicat.
1229 1384 1387 1447 Quodfi
1407 1385 1529 1430 nobis
1545 1386 1598 1430 de
1617 1388 1707 1444 eius

330 1446 364 1488 ti
396 1444 548 1499 prioris
574 1442 764 1492 oblitus,
814 1437 987 1482 Advers.
1036 1441 1180 1496 ‘patria
1196 1439 1430 1494 constaret,
1451 1441 1706 1499 intelligere-

330 1498 474 1544 XVH.
511 1510 547 1541 1.
591 1496 841 1552 facilitatem
875 1495 991 1536 unius
1045 1507 1164 1547 mus,
1194 1494 1262 1557 qui
1285 1494 1387 1548 fint,
1476 1507 1524 1539 os
1546 1495 1704 1554 Philip-

322 1554 502 1610 fallacia
538 1560 753 1594 cantatam.
826 1548 992 1592 Tentare
1048 1561 1128 1607 pus
1158 1561 1339 1606 primurn
1361 1549 1412 1591 ad
1488 1550 1591 1597 llum
1617 1551 1705 1596 sus-

333 1607 501 1663 alicujus
529 1606 779 1661 facilitatem
820 1602 881 1646 est
916 1615 991 1645 ex·
1047 1603 1289 1659 cipiendum
1302 1603 1359 1647 im
1390 1605 1708 1658 ulerit,&mox

331 1662 458 1721 periri
476 1691 491 1713 ‚
520 1674 571 1704 an
599 1659 692 1708 ouis
711 1658 905 1713 injuriam
927 1656 991 1700 fa·
1047 1656 1294 1703 destituerit.
1437 1671 1462 1702 e
1478 1657 1706 1704 Athenien·

332 1718 416 1764 cile
435 1715 559 1760 ferat.
590 1714 746 1758 Cicero
767 1713 907 1769 Agrar.
935 1711 990 1757 11.
1048 1711 1110 1754 ses
1134 1711 1394 1766 inteiligere,
1415 1725 1494 1758 nec
1513 1725 1609 1770 res,
1625 1726 1707 1761 nec

331 1785 372 1829 7.
417 1770 683 1828 quitentavit
699 1799 714 1821 ‚
751 1775 796 1810 ut
824 1769 956 1822 opinor
975 1798 989 1818 ,
1048 1764 1220 1811 historia
1237 1763 1388 1810 finunt.

326 1828 565 1883 patientiam
592 1837 640 1866 ve
650 1819 762 1866 'iram
777 1851 795 1874 ,
839 1835 926 1867 cum
943 1820 991 1877 se
1741 1854 1744 1856 v

330 1882 497 1925 nobilem
519 1878 588 1934 effe
617 1843 774 1920 diceret.
813 1889 889 1932 pro
909 1877 992 1922 Ra·
1104 1876 1394 1933 Inciderimus]
1443 1876 1521 1922 Ed.
1567 1877 1705 1923 Rhen.

330 1937 409 1981 bit.
437 1949 480 1991 4.
509 1933 656 1977 violare
682 1933 899 1989 libertatem
925 1932 994 1974 hu·
1047 1931 1267 1974 inciderim.
1330 1931 1444 1989 quod
1504 1932 1704 1988 stephan.

327 1994 394 2051 jus
414 1990 549 2045 populi
562 2020 575 2042 ,
605 1994 755 2030 tentare
776 1985 992 2083 πιαηζαετα-
1050 1985 1216 2041 Gryph.
1231 1985 1392 2030 Lovan.
1411 1985 1705 2042 expresserunt.
1754 2032 1760 2037 N

333 2049 466 2090 dinem
479 2075 494 2096 ,
507 2050 736 2086 commutare
747 2041 867 2139 driscip
885 2043 995 2085 inam
1047 2039 1217 2096 Reliqui
1243 2039 1339 2083 libri
1371 2051 1538 2085 veteres
1556 2071 1575 2095 ,
1604 2042 1708 2085 inci-

335 2101 495 2143 conatus
514 2112 566 2141 es.
588 2096 683 2139 Liv.
700 2097 760 2155 Vi
787 2097 816 2139 Ι.
829 2109 872 2150 4.
891 2095 993 2139 Ten·
1048 2096 1232 2139 derimus.
1254 2095 1366 2150 quod
1381 2094 1548 2142 secutus
1563 2094 1626 2142 est
1638 2096 1709 2142 Pi-

333 2153 449 2210 tasbis
463 2152 701 2208 patientiam
719 2152 895 2206 negando
917 2152 992 2192 mi-
1051 2149 1216 2194 thoeus.
1261 2157 1266 2163 “
1600 2159 1602 2161 ·

338 2212 459 2254 litem.
492 2207 602 2251 Vide
622 2205 818 2249 Cortium
838 2205 889 2249 ad
909 2204 996 2248 Sal-

335 2265 427 2311 lust.
458 2263 546 2320 Jug.
576 2272 646 2316 50.
1110 2261 1186 2303 Sed
1214 2262 1329 2302 initio
1356 2261 1409 2303 ad
1426 2261 1566 2303 bellum
1578 2260 1706 2359 [alfei-

784 2350 788 2354 .
1044 2317 1232 2371 piendum
1253 2328 1320 2357 nos
1331 2317 1502 2369 primum
1518 2317 1625 2372 impu
1642 2317 1707 2374 it]

391 2374 631 2420 Sos1an
646 2370 768 2431 Τις]
825 2369 998 2414 Soficra-
1050 2370 1304 2468 {Quanquam
1329 2369 1447 2427 saepe
1468 2369 1519 2413 ab
1538 2371 1708 2428 optimis

335 2431 390 2474 tis
410 2460 425 2483 ,
480 2427 655 2471 oratoris
676 2457 689 2478 ,
736 2425 996 2470 mentionem
1070 2423 1324 2477 criptoribus
1344 2424 1470 2468 verba
1485 2424 1594 2468 idem
1617 2425 1709 2470 fere

338 2496 568 2539 nusquam,
588 2480 661 2524 nifi
676 2481 773 2535 hic,
798 2479 902 2526 6:11.
928 2491 993 2534 13.
1049 2477 1318 2534 significantia
1353 2479 1611 2534 junguntur,
1647 2491 1711 2524 ta·

338 2540 583 2582 invenimus.
643 2534 838 2591 Tempus
857 2563 872 2587 ,
909 2546 995 2588 quo
1050 2546 1144 2578 men
1168 2562 1184 2584 ,
1231 2534 1299 2589 qui
1330 2535 1443 2576 initio
1474 2534 1514 2578 Gt
1533 2538 1708 2591 primum

340 2593 499 2643 vixerit
508 2621 524 2649 2
541 2591 624 2637 hoc
633 2588 916 2647 fragmentum
931 2590 995 2635 in·
1050 2588 1237 2645 junxerit
1246 2617 1264 2644 ,
1275 2586 1364 2634 scio
1372 2589 1594 2638 neminem.
1624 2589 1707 2634 Ita-

1626 2655 1708 2700 que
