1794 3242
321 242 426 300 242
549 225 825 304 JUL11
902 211 1489 306 RuFrN'IANs·
1551 236 1625 249 ·

323 345 509 401 Latine
538 342 724 401 dicitnr
752 347 974 419 reversio
987 389 1003 416 ,
1041 349 1124 404 vel
1143 349 1394 426 regreffib.

399 429 516 484 XX.
557 430 1108 489 PARADIASTOLE
1147 435 1242 490 'est
1268 473 1286 502 ‚
1350 454 1468 493 cum
1517 434 1702 494 ssmiles

324 530 405 569 res
430 510 815 579 discernuntur,
854 516 1120 570 contrariis
1142 513 1383 586 redditis,
1419 530 1504 574 ut:
1582 539 1584 546 ·

401 649 570 719 Triste
595 651 993 722 lupusstahulis,
1010 656 1234 709 maturis
1236 655 1487 728 frugibus
1497 654 1700 723 imbres,
1785 731 1788 734 Δ

349 801 354 807 .
395 730 688 789 Arboribus
711 733 884 798 venti,
921 732 1060 789 nobis
1089 735 1426 805 Amaryllidis
1459 738 1589 792 irae.

324 870 422 926 Et:

347 1007 352 1009 ”
403 1008 571 1064 Dulce
579 1006 718 1078 satis
737 1008 943 1077 humor,
982 1010 1188 1084 depulsis
1210 1011 1428 1069 arbutus
1450 991 1612 1090 hoedis
1620 1024 1644 1080 ’·,

402 1088 573 1145 Lenta
582 1088 732 1161 salix
745 1089 890 1161 foeto
910 1095 1110 1165 pecori,
1148 1093 1420 1165 mihisolus
1431 1095 1704 1167 Amyntas.

324 1226 511 1283 Latine
538 1225 726 1282 dicitur
750 1225 1131 1300 discriminatio,

401 1307 547 1363 XXI.
587 1308 640 1362 D
655 1325 670 1360 1
687 1325 717 1363 A
735 1325 765 1361 E
783 1324 817 1364 R
831 1325 861 1362 E
877 1325 902 1364 s
919 1326 935 1364 1
950 1329 974 1367 s
1015 1310 1083 1365 est
1107 1309 1274 1385 figura
1294 1311 1539 1368 sermonis
1551 1349 1572 1381 ,
1587 1330 1706 1369 cum

322 1386 384 1445 fit
414 1387 899 1460 rerumdistributio
917 1429 938 1458 ,
975 1405 1058 1448 ut:

397 1527 504 1587 Hic
531 1529 774 1667 Dgllolpum
802 1545 977 1586 manus
990 1567 1010 1596 ,
1048 1529 1131 1587 hic
1139 1530 1594 1604 saevus-tendebat
1619 1535 1701 1590 A·

548 1630 575 1666 C
609 1631 626 1666 2
668 1628 718 1667 65
734 1633 751 1667 ,⁰

404 1689 643 1765 Claffibus
667 1690 749 1747 hic
774 1692 932 1748 locus:
972 1691 1051 1748 hic
1073 1695 1202 1750 acies
1234 1706 1441 1753 certare
1448 1695 1703 1770 solebant.

330 1817 426 1876 Et:

397 1942 500 2000 Hic
520 1952 701 2016 portus
732 1941 828 1998 alii
862 1938 1117 2012 effodiunt.
1609 2016 1677 2072 Et

382 2178 593 2234 Reverfio,
614 2180 678 2222 vel
695 2176 891 2235 regreffio]
912 2178 989 2222 Ed.
1047 2178 1117 2221 Sic
1133 2178 1459 2225 emendavimus·
1497 2179 1610 2224 Edit.
1635 2193 1709 2223 ve-

325 2248 488 2279 vetus:
535 2232 677 2287 everfio
711 2235 776 2275 vel
821 2232 985 2290 egreffiO.
1049 2244 1134 2276 tus:
1170 2246 1255 2275 cum
1282 2233 1336 2287 fit
1366 2248 1493 2278 rerum
1526 2234 1707 2290 distribu-

322 2287 575 2345 Recepimus
597 2288 902 2333 correctionem
924 2290 987 2332 vi·
1045 2290 1159 2329 tione.
1211 2288 1328 2332 Male
1357 2290 1588 2344 Stephanus
1607 2321 1621 2342 ,
1653 2287 1708 2343 fit

323 2357 468 2394 rorum
487 2344 728 2388 doitorum.
1043 2342 1216 2386 omisso:
1257 2356 1343 2386 cum
1371 2357 1499 2386 rerum
1529 2343 1708 2398 distribu-

461 2429 463 2437 ,
1044 2398 1160 2440 tione.
1243 2403 1245 2409 “

381 2452 540 2509 Triste]
569 2454 659 2496 Ecl.
682 2451 760 2497 ΠΙ.
782 2459 849 2500 80.

378 2561 545 2619 Dulce]
570 2562 673 2607 Ibid.
700 2569 770 2609 82.

354 2647 541 2728 >Cum'fit
567 2684 697 2717 rerum
732 2668 983 2727 dzflributio]

1097 2509 1182 2554 Hic
1195 2507 1420 2564 Dolopum]
1442 2508 1549 2554 Aen.
1565 2507 1622 2553 11.
1638 2522 1705 2559 29.
1757 2508 1763 2525 ⁸

1098 2618 1184 2664 Hic
1200 2618 1370 2674 portus]
1397 2618 1502 2664 Aen.
1525 2617 1558 2663 1.
1581 2631 1683 2674 4²7·

1626 2725 1700 2769 Fe-
