<?xml version="1.0" encoding="UTF-8"?>
<!DOCTYPE html PUBLIC "-//W3C//DTD XHTML 1.0 Transitional//EN"
    "http://www.w3.org/TR/xhtml1/DTD/xhtml1-transitional.dtd">
<html xmlns="http://www.w3.org/1999/xhtml" xml:lang="en" lang="en">
 <head>
  <title>
</title>
<meta http-equiv="Content-Type" content="text/html;charset=utf-8" />
  <meta name='ocr-system' content='tesseract 3.04.00' />
  <meta name='ocr-capabilities' content='ocr_page ocr_carea ocr_par ocr_line ocrx_word'/>
</head>
<body>
  <div class='ocr_page' id='page_1' title='image "./prutiliilupidefi00rutiuoft_0012.png"; bbox 0 0 1794 3242; ppageno 0'>
   <div class='ocr_carea' id='block_1_1' title="bbox 1502 0 1787 17">
    <p class='ocr_par' dir='ltr' id='par_1_1' title="bbox 1502 0 1787 17">
     <span class='ocr_line' id='line_1_1' title="bbox 1502 0 1787 17; baseline 0 -11"><span class='ocrx_word' id='word_1_1' title='bbox 1502 0 1607 16; x_wconf 67' lang='grc'>,,,,,.,</span> <span class='ocrx_word' id='word_1_2' title='bbox 1710 11 1727 17; x_wconf 8' lang='grc' dir='ltr'>η,</span> <span class='ocrx_word' id='word_1_3' title='bbox 1783 9 1787 12; x_wconf 62' lang='grc'>,</span> 
     </span>
    </p>
   </div>
   <div class='ocr_carea' id='block_1_2' title="bbox 363 207 1506 306">
    <p class='ocr_par' dir='ltr' id='par_1_2' title="bbox 363 207 1506 306">
     <span class='ocr_line' id='line_1_2' title="bbox 363 207 1506 306; baseline 0.01 -14"><span class='ocrx_word' id='word_1_4' title='bbox 363 223 456 293; x_wconf 62' lang='grc' dir='ltr'>«τι</span> <span class='ocrx_word' id='word_1_5' title='bbox 633 207 1506 306; x_wconf 69' lang='lat' dir='ltr'>bunchTlo.</span> 
     </span>
    </p>
   </div>
   <div class='ocr_carea' id='block_1_3' title="bbox 315 374 1794 2538">
    <p class='ocr_par' dir='ltr' id='par_1_3' title="bbox 315 374 1794 2538">
     <span class='ocr_line' id='line_1_3' title="bbox 376 374 1749 468; baseline 0.007 -33"><span class='ocrx_word' id='word_1_6' title='bbox 376 382 573 439; x_wconf 74' lang='lat' dir='ltr'>tamen</span> <span class='ocrx_word' id='word_1_7' title='bbox 600 374 659 460; x_wconf 84' lang='lat' dir='ltr'>in</span> <span class='ocrx_word' id='word_1_8' title='bbox 684 379 1036 468; x_wconf 87' lang='lat' dir='ltr'>optimarum</span> <span class='ocrx_word' id='word_1_9' title='bbox 1063 382 1268 447; x_wconf 87' lang='lat' dir='ltr'>artium</span> <span class='ocrx_word' id='word_1_10' title='bbox 1300 381 1491 448; x_wconf 87' lang='lat' dir='ltr'>studiis</span> <span class='ocrx_word' id='word_1_11' title='bbox 1520 379 1749 467; x_wconf 46' lang='lat' dir='ltr'>ita-ver&lt;</span> 
     </span>
     <span class='ocr_line' id='line_1_4' title="bbox 377 481 1746 581; baseline 0.001 -31"><span class='ocrx_word' id='word_1_12' title='bbox 377 481 592 566; x_wconf 68' lang='lat' dir='ltr'>ssrere,</span> <span class='ocrx_word' id='word_1_13' title='bbox 639 510 702 555; x_wconf 90' lang='lat' dir='ltr'>ut</span> <span class='ocrx_word' id='word_1_14' title='bbox 737 492 875 557; x_wconf 89' lang='lat' dir='ltr'>nihil</span> <span class='ocrx_word' id='word_1_15' title='bbox 905 493 1045 559; x_wconf 85' lang='lat' dir='ltr'>Tibi</span> <span class='ocrx_word' id='word_1_16' title='bbox 1079 491 1337 581; x_wconf 79' lang='lat' dir='ltr'>praesidii</span> <span class='ocrx_word' id='word_1_17' title='bbox 1378 494 1436 557; x_wconf 87' lang='lat' dir='ltr'>in</span> <span class='ocrx_word' id='word_1_18' title='bbox 1475 488 1578 554; x_wconf 82' lang='lat' dir='ltr'>illis</span> <span class='ocrx_word' id='word_1_19' title='bbox 1619 488 1746 552; x_wconf 80' lang='lat' dir='ltr'>reii-</span> 
     </span>
     <span class='ocr_line' id='line_1_5' title="bbox 375 599 1746 686; baseline 0.001 -22"><span class='ocrx_word' id='word_1_20' title='bbox 375 600 535 666; x_wconf 69' lang='lat' dir='ltr'>&amp;um</span> <span class='ocrx_word' id='word_1_21' title='bbox 562 601 713 685; x_wconf 77' lang='lat' dir='ltr'>esse,</span> <span class='ocrx_word' id='word_1_22' title='bbox 760 630 1007 672; x_wconf 84' lang='lat' dir='ltr'>omnem</span> <span class='ocrx_word' id='word_1_23' title='bbox 1049 624 1530 671; x_wconf 84' lang='lat' dir='ltr'>ornamentorum</span> <span class='ocrx_word' id='word_1_24' title='bbox 1586 599 1746 686; x_wconf 84' lang='lat' dir='ltr'>spem</span> 
     </span>
     <span class='ocr_line' id='line_1_6' title="bbox 376 706 1752 802; baseline -0.005 -23"><span class='ocrx_word' id='word_1_25' title='bbox 376 712 438 779; x_wconf 90' lang='lat' dir='ltr'>in</span> <span class='ocrx_word' id='word_1_26' title='bbox 471 714 692 802; x_wconf 87' lang='lat' dir='ltr'>ingenii</span> <span class='ocrx_word' id='word_1_27' title='bbox 722 716 880 780; x_wconf 81' lang='lat' dir='ltr'>cuitu</span> <span class='ocrx_word' id='word_1_28' title='bbox 923 716 987 782; x_wconf 86' lang='lat'>&amp;</span> <span class='ocrx_word' id='word_1_29' title='bbox 1014 714 1227 778; x_wconf 89' lang='lat' dir='ltr'>virtute</span> <span class='ocrx_word' id='word_1_30' title='bbox 1256 710 1427 776; x_wconf 85' lang='lat' dir='ltr'>fitam</span> <span class='ocrx_word' id='word_1_31' title='bbox 1464 706 1752 800; x_wconf 84' lang='lat' dir='ltr'>existima-</span> 
     </span>
     <span class='ocr_line' id='line_1_7' title="bbox 373 802 1750 908; baseline -0.006 -18"><span class='ocrx_word' id='word_1_32' title='bbox 373 838 484 890; x_wconf 75' lang='lat' dir='ltr'>res,</span> <span class='ocrx_word' id='word_1_33' title='bbox 585 822 859 890; x_wconf 88' lang='lat' dir='ltr'>Decurfis</span> <span class='ocrx_word' id='word_1_34' title='bbox 901 822 1107 887; x_wconf 90' lang='lat' dir='ltr'>deinde</span> <span class='ocrx_word' id='word_1_35' title='bbox 1132 869 1152 898; x_wconf 83' lang='lat'><strong>,</strong></span> <span class='ocrx_word' id='word_1_36' title='bbox 1212 821 1326 908; x_wconf 87' lang='lat' dir='ltr'>pari</span> <span class='ocrx_word' id='word_1_37' title='bbox 1374 841 1513 884; x_wconf 87' lang='lat' dir='ltr'>cum</span> <span class='ocrx_word' id='word_1_38' title='bbox 1549 802 1750 898; x_wconf 49' lang='lat' dir='ltr'>laufleffg</span> 
     </span>
     <span class='ocr_line' id='line_1_8' title="bbox 375 931 1794 1029; baseline -0.004 -28"><span class='ocrx_word' id='word_1_39' title='bbox 375 938 713 1028; x_wconf 87' lang='lat' dir='ltr'>graviorum</span> <span class='ocrx_word' id='word_1_40' title='bbox 755 933 1174 1022; x_wconf 87' lang='lat' dir='ltr'>disciplinarum</span> <span class='ocrx_word' id='word_1_41' title='bbox 1206 931 1389 1022; x_wconf 83' lang='lat' dir='ltr'>spatiis</span> <span class='ocrx_word' id='word_1_42' title='bbox 1421 981 1441 1010; x_wconf 85' lang='lat'>‚</span> <span class='ocrx_word' id='word_1_43' title='bbox 1507 933 1616 997; x_wconf 84' lang='lat' dir='ltr'>iter</span> <span class='ocrx_word' id='word_1_44' title='bbox 1651 949 1750 1029; x_wconf 80' lang='lat' dir='ltr'>per</span> <span class='ocrx_word' id='word_1_45' title='bbox 1783 1003 1794 1011; x_wconf 51' lang='grc'>,</span> 
     </span>
     <span class='ocr_line' id='line_1_9' title="bbox 376 1036 1753 1130; baseline -0.003 -24"><span class='ocrx_word' id='word_1_46' title='bbox 376 1040 646 1107; x_wconf 86' lang='lat' dir='ltr'>cultiores</span> <span class='ocrx_word' id='word_1_47' title='bbox 694 1041 964 1129; x_wconf 83' lang='lat' dir='ltr'>Europae</span> <span class='ocrx_word' id='word_1_48' title='bbox 1015 1061 1201 1130; x_wconf 89' lang='lat' dir='ltr'>partes</span> <span class='ocrx_word' id='word_1_49' title='bbox 1240 1037 1536 1107; x_wconf 87' lang='lat' dir='ltr'>instituisti.</span> <span class='ocrx_word' id='word_1_50' title='bbox 1634 1036 1753 1104; x_wconf 86' lang='lat' dir='ltr'>Hic</span> 
     </span>
     <span class='ocr_line' id='line_1_10' title="bbox 375 1151 1751 1241; baseline -0.002 -25"><span class='ocrx_word' id='word_1_51' title='bbox 375 1153 597 1241; x_wconf 86' lang='lat' dir='ltr'>prima,</span> <span class='ocrx_word' id='word_1_52' title='bbox 656 1151 799 1218; x_wconf 85' lang='lat' dir='ltr'>ficut</span> <span class='ocrx_word' id='word_1_53' title='bbox 839 1152 1070 1232; x_wconf 77' lang='lat' dir='ltr'>debuit,</span> <span class='ocrx_word' id='word_1_54' title='bbox 1130 1152 1268 1218; x_wconf 85' lang='lat' dir='ltr'>Tibi</span> <span class='ocrx_word' id='word_1_55' title='bbox 1307 1175 1440 1217; x_wconf 88' lang='lat' dir='ltr'>cura</span> <span class='ocrx_word' id='word_1_56' title='bbox 1488 1152 1634 1230; x_wconf 84' lang='lat' dir='ltr'>fuit,</span> <span class='ocrx_word' id='word_1_57' title='bbox 1686 1165 1751 1213; x_wconf 88' lang='lat' dir='ltr'>ut</span> 
     </span>
     <span class='ocr_line' id='line_1_11' title="bbox 375 1257 1783 1350; baseline -0.003 -24"><span class='ocrx_word' id='word_1_58' title='bbox 375 1277 587 1350; x_wconf 86' lang='lat' dir='ltr'>regum</span> <span class='ocrx_word' id='word_1_59' title='bbox 615 1260 1059 1349; x_wconf 87' lang='lat' dir='ltr'>principumque</span> <span class='ocrx_word' id='word_1_60' title='bbox 1098 1279 1245 1326; x_wconf 87' lang='lat' dir='ltr'>artes</span> <span class='ocrx_word' id='word_1_61' title='bbox 1298 1263 1354 1328; x_wconf 90' lang='lat' dir='ltr'>in</span> <span class='ocrx_word' id='word_1_62' title='bbox 1390 1257 1783 1328; x_wconf 83' lang='lat' dir='ltr'>continendis</span> 
     </span>
     <span class='ocr_line' id='line_1_12' title="bbox 373 1357 1752 1456; baseline 0.001 -24"><span class='ocrx_word' id='word_1_63' title='bbox 373 1368 703 1433; x_wconf 86' lang='lat' dir='ltr'>civitatibus</span> <span class='ocrx_word' id='word_1_64' title='bbox 737 1367 1122 1456; x_wconf 83' lang='lat' dir='ltr'>cognosceres</span> <span class='ocrx_word' id='word_1_65' title='bbox 1151 1419 1171 1448; x_wconf 84' lang='lat'><strong>,</strong></span> <span class='ocrx_word' id='word_1_66' title='bbox 1236 1371 1299 1437; x_wconf 86' lang='lat'>&amp;</span> <span class='ocrx_word' id='word_1_67' title='bbox 1344 1394 1419 1437; x_wconf 84' lang='lat' dir='ltr'>ex</span> <span class='ocrx_word' id='word_1_68' title='bbox 1460 1357 1752 1436; x_wconf 70' lang='lat' dir='ltr'>variorum</span> 
     </span>
     <span class='ocr_line' id='line_1_13' title="bbox 374 1474 1750 1567; baseline 0 -26"><span class='ocrx_word' id='word_1_69' title='bbox 374 1474 729 1567; x_wconf 88' lang='lat' dir='ltr'>populorum</span> <span class='ocrx_word' id='word_1_70' title='bbox 769 1476 1028 1541; x_wconf 84' lang='lat' dir='ltr'>moribus</span> <span class='ocrx_word' id='word_1_71' title='bbox 1060 1526 1080 1555; x_wconf 81' lang='lat'>‚</span> <span class='ocrx_word' id='word_1_72' title='bbox 1142 1477 1367 1567; x_wconf 84' lang='lat' dir='ltr'>legibus</span> <span class='ocrx_word' id='word_1_73' title='bbox 1394 1528 1413 1558; x_wconf 82' lang='lat'><strong>,</strong></span> <span class='ocrx_word' id='word_1_74' title='bbox 1487 1477 1750 1546; x_wconf 84' lang='lat' dir='ltr'>institutis</span> 
     </span>
     <span class='ocr_line' id='line_1_14' title="bbox 315 1583 1751 1672; baseline 0.001 -21"><span class='ocrx_word' id='word_1_75' title='bbox 315 1655 327 1659; x_wconf 69' lang='grc'><strong>,</strong></span> <span class='ocrx_word' id='word_1_76' title='bbox 375 1607 608 1672; x_wconf 82' lang='lat' dir='ltr'>caperes</span> <span class='ocrx_word' id='word_1_77' title='bbox 637 1632 656 1662; x_wconf 86' lang='lat'>‚</span> <span class='ocrx_word' id='word_1_78' title='bbox 733 1583 896 1671; x_wconf 87' lang='lat' dir='ltr'>quod</span> <span class='ocrx_word' id='word_1_79' title='bbox 961 1584 1266 1672; x_wconf 85' lang='lat' dir='ltr'>aliquando</span> <span class='ocrx_word' id='word_1_80' title='bbox 1331 1588 1398 1651; x_wconf 88' lang='lat' dir='ltr'>ad</span> <span class='ocrx_word' id='word_1_81' title='bbox 1448 1590 1751 1655; x_wconf 73' lang='lat' dir='ltr'>utilitatem</span> 
     </span>
     <span class='ocr_line' id='line_1_15' title="bbox 373 1693 1753 1789; baseline 0.003 -28"><span class='ocrx_word' id='word_1_82' title='bbox 373 1697 589 1786; x_wconf 81' lang='lat' dir='ltr'>patriae</span> <span class='ocrx_word' id='word_1_83' title='bbox 636 1693 984 1760; x_wconf 82' lang='lat' dir='ltr'>transferres,</span> <span class='ocrx_word' id='word_1_84' title='bbox 1081 1693 1212 1761; x_wconf 89' lang='lat' dir='ltr'>Nec</span> <span class='ocrx_word' id='word_1_85' title='bbox 1252 1715 1448 1763; x_wconf 88' lang='lat' dir='ltr'>tamen</span> <span class='ocrx_word' id='word_1_86' title='bbox 1481 1697 1753 1789; x_wconf 85' lang='lat' dir='ltr'>frequen-</span> 
     </span>
     <span class='ocr_line' id='line_1_16' title="bbox 374 1799 1752 1890; baseline 0.004 -21"><span class='ocrx_word' id='word_1_87' title='bbox 374 1804 491 1869; x_wconf 85' lang='lat' dir='ltr'>tior</span> <span class='ocrx_word' id='word_1_88' title='bbox 517 1824 638 1866; x_wconf 87' lang='lat' dir='ltr'>eras</span> <span class='ocrx_word' id='word_1_89' title='bbox 671 1802 727 1866; x_wconf 90' lang='lat' dir='ltr'>in</span> <span class='ocrx_word' id='word_1_90' title='bbox 771 1799 908 1865; x_wconf 88' lang='lat' dir='ltr'>aulis</span> <span class='ocrx_word' id='word_1_91' title='bbox 939 1851 959 1880; x_wconf 84' lang='lat'>‚</span> <span class='ocrx_word' id='word_1_92' title='bbox 1022 1824 1197 1890; x_wconf 86' lang='lat' dir='ltr'>quam</span> <span class='ocrx_word' id='word_1_93' title='bbox 1237 1806 1295 1871; x_wconf 88' lang='lat' dir='ltr'>in</span> <span class='ocrx_word' id='word_1_94' title='bbox 1343 1807 1701 1874; x_wconf 84' lang='lat' dir='ltr'>bibliothecis</span> <span class='ocrx_word' id='word_1_95' title='bbox 1732 1859 1752 1888; x_wconf 90' lang='lat'>‚</span> 
     </span>
     <span class='ocr_line' id='line_1_17' title="bbox 369 1909 1753 2000; baseline 0.004 -23"><span class='ocrx_word' id='word_1_96' title='bbox 369 1930 472 1978; x_wconf 84' lang='lat' dir='ltr'>aut</span> <span class='ocrx_word' id='word_1_97' title='bbox 510 1909 695 1998; x_wconf 85' lang='lat' dir='ltr'>magis</span> <span class='ocrx_word' id='word_1_98' title='bbox 738 1929 1080 1996; x_wconf 89' lang='lat' dir='ltr'>purpuratos</span> <span class='ocrx_word' id='word_1_99' title='bbox 1105 1959 1124 1988; x_wconf 87' lang='lat'>‚</span> <span class='ocrx_word' id='word_1_100' title='bbox 1182 1934 1358 2000; x_wconf 84' lang='lat' dir='ltr'>quam</span> <span class='ocrx_word' id='word_1_101' title='bbox 1403 1914 1657 1981; x_wconf 66' lang='lat' dir='ltr'>dootrina</span> <span class='ocrx_word' id='word_1_102' title='bbox 1687 1915 1753 1982; x_wconf 69' lang='grc' dir='ltr'>ὅτ</span> 
     </span>
     <span class='ocr_line' id='line_1_18' title="bbox 375 2010 1792 2111; baseline 0.004 -26"><span class='ocrx_word' id='word_1_103' title='bbox 375 2018 619 2107; x_wconf 85' lang='lat' dir='ltr'>ingenio</span> <span class='ocrx_word' id='word_1_104' title='bbox 654 2016 836 2080; x_wconf 85' lang='lat' dir='ltr'>claros</span> <span class='ocrx_word' id='word_1_105' title='bbox 864 2066 882 2095; x_wconf 83' lang='lat'><strong>,</strong></span> <span class='ocrx_word' id='word_1_106' title='bbox 929 2016 1251 2104; x_wconf 79' lang='lat' dir='ltr'>appetebas,</span> <span class='ocrx_word' id='word_1_107' title='bbox 1351 2020 1615 2110; x_wconf 87' lang='lat' dir='ltr'>Inprimis</span> <span class='ocrx_word' id='word_1_108' title='bbox 1652 2010 1792 2111; x_wconf 40' lang='lat' dir='ltr'>aus</span> 
     </span>
     <span class='ocr_line' id='line_1_19' title="bbox 369 2121 1751 2216; baseline 0.007 -27"><span class='ocrx_word' id='word_1_109' title='bbox 369 2121 768 2212; x_wconf 56' lang='lat' dir='ltr'>&#39;tem&#39;proprio</span> <span class='ocrx_word' id='word_1_110' title='bbox 818 2124 1073 2212; x_wconf 85' lang='lat' dir='ltr'>quodam</span> <span class='ocrx_word' id='word_1_111' title='bbox 1114 2123 1303 2191; x_wconf 86' lang='lat' dir='ltr'>fludio</span> <span class='ocrx_word' id='word_1_112' title='bbox 1342 2132 1643 2216; x_wconf 80' lang='lat' dir='ltr'>rapiebatis</span> <span class='ocrx_word' id='word_1_113' title='bbox 1681 2132 1751 2198; x_wconf 92' lang='lat' dir='ltr'>ad</span> 
     </span>
     <span class='ocr_line' id='line_1_20' title="bbox 370 2232 1749 2324; baseline 0.004 -26"><span class='ocrx_word' id='word_1_114' title='bbox 370 2233 681 2324; x_wconf 84' lang='lat' dir='ltr'>priscarum</span> <span class='ocrx_word' id='word_1_115' title='bbox 715 2233 923 2295; x_wconf 87' lang='lat' dir='ltr'>artium</span> <span class='ocrx_word' id='word_1_116' title='bbox 956 2232 1225 2297; x_wconf 74' lang='lat' dir='ltr'>miracula</span> <span class='ocrx_word' id='word_1_117' title='bbox 1258 2281 1277 2310; x_wconf 88' lang='lat'><strong>,</strong></span> <span class='ocrx_word' id='word_1_118' title='bbox 1342 2235 1548 2324; x_wconf 86' lang='lat' dir='ltr'>quibus</span> <span class='ocrx_word' id='word_1_119' title='bbox 1593 2237 1749 2306; x_wconf 80' lang='lat' dir='ltr'>ltalia</span> 
     </span>
     <span class='ocr_line' id='line_1_21' title="bbox 375 2335 1752 2433; baseline 0.001 -24"><span class='ocrx_word' id='word_1_120' title='bbox 375 2343 583 2409; x_wconf 90' lang='lat' dir='ltr'>referta</span> <span class='ocrx_word' id='word_1_121' title='bbox 623 2335 704 2402; x_wconf 79' lang='lat' dir='ltr'>est</span> <span class='ocrx_word' id='word_1_122' title='bbox 734 2387 754 2415; x_wconf 89' lang='lat'>‚</span> <span class='ocrx_word' id='word_1_123' title='bbox 815 2338 1257 2426; x_wconf 85' lang='lat' dir='ltr'>contemplanda</span> <span class='ocrx_word' id='word_1_124' title='bbox 1282 2365 1301 2424; x_wconf 80' lang='lat'>3</span> <span class='ocrx_word' id='word_1_125' title='bbox 1364 2365 1512 2431; x_wconf 87' lang='lat' dir='ltr'>quae</span> <span class='ocrx_word' id='word_1_126' title='bbox 1563 2347 1752 2433; x_wconf 88' lang='lat' dir='ltr'>majo-</span> 
     </span>
     <span class='ocr_line' id='line_1_22' title="bbox 368 2448 1750 2538; baseline 0.002 -23"><span class='ocrx_word' id='word_1_127' title='bbox 368 2473 532 2528; x_wconf 73' lang='lat' dir='ltr'>rem,</span> <span class='ocrx_word' id='word_1_128' title='bbox 580 2472 756 2538; x_wconf 87' lang='lat' dir='ltr'>quam</span> <span class='ocrx_word' id='word_1_129' title='bbox 778 2448 988 2538; x_wconf 83' lang='lat' dir='ltr'>vulgus</span> <span class='ocrx_word' id='word_1_130' title='bbox 1013 2450 1234 2529; x_wconf 83' lang='lat' dir='ltr'>credat,</span> <span class='ocrx_word' id='word_1_131' title='bbox 1282 2475 1418 2516; x_wconf 86' lang='lat' dir='ltr'>cum</span> <span class='ocrx_word' id='word_1_132' title='bbox 1443 2452 1750 2521; x_wconf 86' lang='lat' dir='ltr'>humanio-</span> 
     </span>
    </p>
   </div>
   <div class='ocr_carea' id='block_1_4' title="bbox 375 2563 1745 2742">
    <p class='ocr_par' dir='ltr' id='par_1_4' title="bbox 375 2563 1745 2742">
     <span class='ocr_line' id='line_1_23' title="bbox 375 2563 1745 2654; baseline -0.001 -23"><span class='ocrx_word' id='word_1_133' title='bbox 375 2563 528 2631; x_wconf 89' lang='lat' dir='ltr'>ribus</span> <span class='ocrx_word' id='word_1_134' title='bbox 568 2564 739 2629; x_wconf 85' lang='lat' dir='ltr'>literis</span> <span class='ocrx_word' id='word_1_135' title='bbox 788 2565 1214 2654; x_wconf 84' lang='lat' dir='ltr'>cognationem</span> <span class='ocrx_word' id='word_1_136' title='bbox 1266 2566 1477 2635; x_wconf 87' lang='lat' dir='ltr'>habere</span> <span class='ocrx_word' id='word_1_137' title='bbox 1503 2616 1524 2648; x_wconf 85' lang='lat'>,</span> <span class='ocrx_word' id='word_1_138' title='bbox 1573 2567 1745 2634; x_wconf 85' lang='lat' dir='ltr'>mini-</span> 
     </span>
     <span class='ocr_line' id='line_1_24' title="bbox 1636 2698 1738 2742; baseline 0 -2"><span class='ocrx_word' id='word_1_139' title='bbox 1636 2698 1738 2742; x_wconf 77' lang='lat' dir='ltr'>me</span> 
     </span>
    </p>
   </div>
  </div>
 </body>
</html>
