1794 3242
356 193 1553 294 25XX11PRAEFAT10..

357 337 423 377 ex
438 319 653 394 perditis
671 319 834 394 polica
862 328 1009 374 notae
1032 319 1186 375 bonae
1193 317 1535 395 scriptoribus
1556 323 1737 381 lauda-

357 405 448 461 ta,
486 397 573 450 vel
592 394 658 450 ab
684 394 796 468 ipfis
826 392 1108 450 aulloribus
1133 412 1160 449 e
1186 392 1389 452 Graeco
1417 396 1575 472 versa
1593 436 1612 464 ,
1645 414 1736 454 exa·

358 472 582 542 cogitata
615 469 844 541 denique,
884 466 1039 539 digna
1075 471 1266 524 omnino
1287 467 1447 542 suntj'
1476 470 1612 547 *quae
1630 472 1732 544 fa·
1774 468 1794 495 ²

357 545 592 598 miliaria
606 544 747 613 fiant
781 540 1198 614 adolescentibus,
1236 543 1311 611 ἐξ
1349 549 1590 601 communi
1611 555 1735 602 eru-

358 616 580 672 ditorum
602 615 714 689 usui
731 628 950 689 pateant
963 655 981 681 ,
1019 634 1128 671 cum
1155 620 1349 675 caeteri
1373 619 1451 674 illi
1471 619 1737 676 Pithoeani

360 692 684 747 Bibliothecis
707 704 891 764 queant
912 692 1010 757 fine
1030 690 1332 746 detrimento
1362 693 1599 767 relinqui.

435 766 541 820 Hos
579 768 745 835 igitur
777 764 968 837 libellos
983 803 997 822 ‚
1036 765 1123 818 vel
1153 764 1271 836 istas
1295 765 1594 839 pretiofitlas
1621 767 1744 835 rhea,
1788 798 1790 800 v

360 850 529 896 torum
567 842 890 911 antiquorum
926 837 1171 911 reliquias
1199 839 1469 911 publicare
1502 851 1612 896 tum
1649 844 1743 898 vi-,
1775 854 1777 859 ·

347 911 469 987 sum
498 913 596 986 esi,
633 931 728 967 non
764 924 822 966 ut
860 915 1171 979 appendicem
1210 913 1365 968 libelli
1400 914 1527 980 mei,
1551 912 1650 988 sed
1677 913 1745 971 αἱ
1767 928 1786 937 ”

351 986 660 1062 separatum
688 1026 704 1051 ,
754 984 828 1053 59⁹
864 987 947 1041 illo
985 985 1147 1058 nostro
1165 986 1508 1059 praestantius
1535 987 1747 1062 opuftu·
1780 1053 1784 1058 ,

362 1064 492 1125 lum,
531 1063 657 1136 quod
678 1072 878 1123 tamen,
918 1064 1002 1131 qui
1026 1062 1242 1124 vellent,
1278 1080 1380 1124 una
1410 1080 1596 1130 emere,
1633 1067 1742 1118 cir-
1770 1081 1771 1085 ¹

361 1137 621 1209 cumfert‘e
651 1153 752 1190 una
788 1133 991 1207 poffent.
1073 1136 1260 1190 Verum
1295 1137 1606 1201 intercedere
1640 1154 1735 1192 non

355 1215 526 1286 potui,
565 1228 658 1282 quo
684 1211 841 1265 minus
852 1205 1003 1280 suum
1026 1211 1077 1264 in
1101 1210 1392 1265 ordinandis
1419 1211 1602 1267 libellis
1626 1229 1735 1267 con-

351 1286 515 1360 filium
540 1285 824 1356 Bibliopola
842 1283 1164 1355 sequeretur.
1780 1284 1782 1291 ’

440 1363 707 1416 Caeterum
739 1356 968 1430 expressa
1003 1357 1069 1425 eli
1096 1398 1110 1420 ,
1161 1371 1404 1432 quantum
1431 1376 1622 1416 curare
1649 1371 1735 1432 po-

360 1436 443 1491 tui
466 1466 489 1498 -,
532 1432 810 1488 Pithoeana
848 1429 989 1487 leflio
1014 1470 1031 1496 ,
1078 1432 1181 1486 illis
1206 1439 1422 1505 exceptis
1448 1435 1564 1490 locis
1587 1472 1605 1500 ‚
1651 1435 1736 1490 ubi

360 1506 777 1580 manifestissimas
798 1506 1040 1579 quasdam
1065 1507 1262 1563 mendas
1284 1511 1397 1563 tolli
1419 1507 1628 1584 aequum
1655 1510 1749 1563 via·

360 1583 581 1639 debatur
605 1600 622 1634 .·
678 1583 731 1635 in
760 1581 1013 1652 plerisque
1045 1590 1216 1634 tamen
1242 1586 1413 1654 potius
1444 1583 1733 1638 emendandi

362 1659 612 1714 rationem
638 1656 691 1708 in
721 1656 953 1724 margine
991 1653 1229 1708 indicavi.
1309 1656 1555 1711 ,Numeros
1585 1669 1731 1729 appo-

362 1731 540 1788 nendos
567 1730 789 1793 curavi,
828 1739 886 1780 ut
908 1739 1053 1781 tanto
1081 1729 1370 1784 commodius
1397 1729 1633 1786 adbiberi
1658 1731 1736 1798 &²

364 1806 574 1864 laudari
592 1801 769 1877 pollint
794 1801 848 1857 hi
877 1801 1034 1856 libelli
1059 1804 1112 1856 in
1134 1803 1394 1873 posterum.
1470 1807 1736 1877 Exemplo-

362 1898 482 1938 rum
493 1877 635 1951 sedes
659 1877 888 1932 indicare
911 1876 1091 1948 ubique
1117 1880 1271 1932 otium
1298 1878 1516 1950 nostrum
1544 1897 1636 1934 non
1650 1879 1738 1951 fe·
1759 1930 1775 1944 ,

361 1954 530 2012 rebat.
607 1949 822 2008 FaHum
847 1949 974 2004 illud
994 1961 1163 2005 tamen
1192 1952 1486 2023 quibusdam
1505 1956 1556 2009 in
1587 1955 1735 2020 locis,

362 2047 492 2106 quae
526 2026 726 2080 dubium
761 2024 996 2099 quiddam
1041 2036 1135 2079 aut
1170 2023 1517 2095 difficultatem
1550 2028 1737 2084 habere

362 2103 687 2160 videbantur.
763 2100 827 2154 In
863 2098 981 2152 aliis
1016 2110 1168 2171 turpe
1190 2117 1283 2155 non
1314 2105 1501 2172 putavi
1515 2103 1695 2174 fateri
1715 2143 1732 2166 ,

354 2180 400 2254 si
419 2175 536 2252 quid
556 2192 649 2228 non
671 2171 986 2247 assequerer:
1026 2188 1178 2245 quam
1211 2178 1460 2230 rationem
1475 2177 1520 2248 fi
1530 2176 1733 2249 semper

361 2259 584 2310 tenerent
613 2287 631 2313 ,
678 2250 765 2321 qui
801 2246 955 2302 libros
995 2250 1222 2319 antiquos
1254 2250 1405 2304 edunt
1428 2286 1447 2314 ,
1494 2249 1606 2321 ipsa
1640 2251 1737 2305 illa

360 2324 655 2405 profeffione
691 2323 860 2377 literis
901 2320 1179 2392 prodessent
1200 2359 1217 2385 ‚
1269 2323 1357 2377 vel
1390 2322 1690 2394 consolandis
1717 2363 1737 2392 ‚

365 2403 453 2479 qui
479 2401 569 2464 fibi
585 2396 841 2470 displicent
857 2432 873 2459 ‚
913 2412 1021 2450 cum
1047 2394 1289 2469 quaedam
1309 2414 1403 2453 non
1426 2399 1737 2470 intelligunt,

368 2476 457 2533 vel
494 2474 713 2530 aliorum
739 2470 912 2542 studio
961 2468 1031 2524 ad
1072 2470 1344 2525 conandum
1389 2474 1738 2528 aemulationis

361 2550 574 2618 stimulis
599 2544 916 2602 accendendo.
933 2546 1046 2621 Ser,
1068 2545 1358 2620 Gottingae.
1386 2564 1437 2606 a.
1459 2545 1508 2604 d.
1521 2551 1742 2607 xxvnr.⁴
1786 2549 1787 2552 ’

366 2623 563 2693 Mart(
583 2633 868 2679 MDCCXLV.
1627 2619 1750 2687 1117.
