1794 3242
1499 0 1501 3 .
1540 0 1575 35 &¹⁴2
1724 6 1785 32 ¹213*-

1549 37 1596 54 ›*·l
1690 49 1710 58 ’,Λ

1577 63 1618 72 1⁷·
1692 63 1706 70 ψ,

322 246 396 306 ῃ
508 233 563 290 R
651 227 1161 321 RUTILH
1255 237 1528 300 LUPI

322 349 601 423 irssigabat
637 351 975 410 multitudinis
1011 355 1235 410 animum
1262 356 1334 413 ad
1367 357 1546 417 bellum
1577 360 1709 436 insa·

324 435 534 490 rendum
562 436 840 490 concitatus
861 434 1128 492 iracundia
1140 436 1326 509 furor.
1389 440 1597 508 Furor,
1633 447 1708 500 in-

321 537 474 595 quam
487 557 506 586 ‚
544 537 638 576 non
676 521 839 587 ratim
872 523 976 594 sine
1013 539 1115 596 qua
1144 525 1277 580 nihil
1305 542 1524 600 unquam
1553 539 1718 602 popu-

320 605 400 660 Ius
417 620 485 660 ex
496 603 758 678 sententia
777 603 942 678 geſjit.
1019 605 1120 662 Sed
1162 609 1384 680 plurium
1427 607 1705 667 verborum

319 689 528 744 iteratio
556 688 626 744 est
658 686 986 761 hujusmodi:
1023 690 1106 744 At
1131 707 1219 762 ego
1252 693 1306 746 in
1340 691 1414 748 his
1447 694 1705 750 aerumnis

319 771 496 827 amicis
529 765 649 840 sum
687 765 944 841 spoliatus
977 771 1197 828 omnibus
1220 810 1239 839 ,
1288 773 1495 843 Judices
1517 795 1537 832 .·
1585 778 1672 851 qui
1687 812 1707 843 ,

321 871 416 909 non
455 854 583 929 quod
619 871 694 908 me
728 851 961 925 odiffi’nt,
983 853 1083 927 sed
1117 857 1248 932 quod
1270 861 1586 918 inimicorum
1607 861 1708 937 fa·

318 940 369 1000 H
372 945 526 997 ionem
556 941 923 1015 pertimuzffent
937 981 952 1007 ,
989 961 1064 1000 me
1103 947 1157 1000 in
1191 935 1339 1003 malis
1361 948 1707 1023 destruerunt,

397 1026 512 1083 X11.
551 1028 949 1084 DIAPHORA.

1029 1029 1150 1086 Hoc
1190 1030 1391 1087 schema
1430 1032 1545 1100 est,
1587 1053 1707 1091 cum

321 1109 539 1164 verbum
584 1109 826 1164 iteratum
872 1110 1023 1165 aliam
1067 1113 1378 1168 sententiam
1415 1112 1706 1188 fignificat,

319 1213 382 1251 ac
417 1192 721 1268 significavit
757 1194 928 1264 primo
965 1194 1178 1255 dicium.
1254 1196 1311 1253 ld
1350 1197 1418 1253 est
1449 1199 1708 1276 hujusmo-

321 1275 417 1333 di:
468 1279 619 1334 Hunc
652 1289 711 1334 tu
735 1278 929 1349 frater
969 1279 1186 1351 ejusdem
1218 1277 1492 1352 sanguinis
1528 1281 1708 1354 parti·

319 1375 429 1435 ceps
453 1403 470 1430 ,
520 1366 572 1419 in
607 1362 705 1418 hac
733 1362 963 1434 fortuna
997 1361 1226 1435 defierere
1269 1362 1474 1435 potuisti
1499 1403 1516 1430 ‚
1566 1363 1709 1436 cujus

322 1460 599 1503 aerumnae
646 1444 872 1517 quemvis
911 1444 1085 1499 etiam
1111 1444 1402 1499 extrarium
1439 1440 1710 1508 hominem,

320 1702 454 1746 lianae
477 1697 710 1754 elegantiae
728 1697 906 1750 damno,
937 1698 988 1740 il-

321 1757 362 1800 la
385 1766 621 1809 expungere
642 1750 846 1810 potuisset
861 1753 903 1795 in
918 1753 990 1796 Ci-

323 1821 479 1854 cerone
518 1807 641 1851 Verr.
673 1806 727 1850 11.
760 1813 829 1862 38.
861 1806 988 1852 Catil.

321 1866 358 1910 I.
380 1880 418 1908 2.
452 1862 562 1907 Phil.
585 1862 617 1905 Ι.
640 1869 679 1908 8.
704 1861 757 1904 Π.
779 1876 847 1918 32.
889 1864 929 1907 &
947 1875 1001 1906 a-.

318 1922 387 1967 liis
409 1919 528 1963 locis.
584 1916 693 1960 Vide
721 1914 990 1961 Gronovium

324 1977 376 2020 ad
412 1975 508 2018 Liv.
537 1971 634 2016 XL.
668 1984 740 2026 42.
782 1972 832 2014 ad
873 1971 988 2016 Gel'.

322 2029 466 2076 XVII.
495 2041 535 2078 9.
584 2025 802 2070 Observat.
851 2027 906 2070 II.
946 2040 987 2083 7.

322 2081 645 2129 Drakenborch.
707 2081 758 2123 ad
814 2081 910 2125 Liv.
954 2082 986 2125 I.

323 2153 392 2195 23.
422 2139 462 2181 &
493 2135 779 2180 Schwarzium
812 2137 862 2178 ad
879 2135 986 2180 Plin.

323 2195 475 2249 Paneg.
499 2205 567 2248 73.

384 2306 477 2348 Sine
503 2315 578 2358 qua
612 2302 715 2345 nihil
736 2314 903 2357 unquam
949 2316 984 2344 o-

352 2362 436 2404 ulus
485 2371 533 2400 ex
605 2359 782 2400 ententia
836 2370 883 2413 ge
913 2357 984 2412 it]

319 2371 562 2462 {arthiusA
591 2411 693 2454 vers.
707 2412 901 2455 XXXV.
917 2425 987 2454 21.

323 2485 376 2515 ex
412 2470 495 2512 hoc
526 2458 730 2522 Hegesiae
770 2467 870 2509 loco
914 2466 987 2508 du-

322 2527 438 2570 Ctum
467 2533 588 2578 putat
619 2522 718 2565 illud
740 2521 910 2565 Manilii
936 2520 989 2564 ΙΙ.

322 2576 391 2628 82.
422 2578 644 2619 ——-ratio
660 2589 755 2631 quae
767 2575 905 2618 cuneta
916 2589 988 2633 gu-

323 2638 472 2698 }ngrnat.
532 2631 707 2678 Scilicet
749 2630 953 2686 sententia
972 2661 988 2685 ,

1608 1545 1710 1585 1110·

1046 1708 1152 1750 quae
1184 1697 1299 1751 vulgi
1333 1698 1460 1740 etiarn
1496 1710 1572 1741 ore
1603 1699 1714 1744 cele-

1045 1753 1234 1795 braretur
1247 1782 1261 1804 ,
1291 1752 1342 1794 ab
1363 1752 1547 1796 Afiatico
1567 1764 1710 1799 orato÷

1046 1819 1093 1850 re
1112 1806 1292 1862 petenda
1308 1816 1409 1850 erat.

1102 1915 1192 1961 Hoc
1209 1916 1399 1974 fihema]
1445 1916 1578 1962 Forte-
1608 1916 1714 1962 inseq

1047 1972 1220 2015 rendum
1239 1970 1304 2026 fit.
1337 1971 1588 2017 GEsNER.‘
1611 1973 1718 2017 Scri„

1046 2028 1133 2070 be:
1174 2025 1263 2070 Hoc
1283 2027 1443 2082 schema
1473 2025 1542 2083 est.
1599 2026 1714 2072 Nam

1046 2083 1130 2125 huc
1161 2081 1450 2126 retrahendum
1479 2080 1534 2137 est
1553 2112 1568 2134 ,
1602 2084 1716 2138 quod

1045 2137 1144 2180 libri
1168 2137 1328 2193 antiqui
1354 2137 1450 2194 post
1467 2135 1612 2180 dietum
1635 2151 1712 2193 po·

1044 2201 1173 2243 nunt,
1203 2191 1438 2246 Stephanus
1469 2202 1609 2234 autem
1641 2193 1712 2235 de-.

1042 2247 1167 2343 havit.
1219 2246 1292 2289 Sic
1324 2246 1507 2291 Rutilius
1527 2246 1712 2300 loquitur

1086 2333 1096 2343 .
1120 2314 1161 2355 4.
1188 2312 1253 2343 11.

1085 2409 1279 2474 Quemvis
1327 2410 1447 2452 etiam
1493 2410 1715 2452 extrarium

1043 2466 1232 2507 hominem
1295 2464 1420 2507 MSS.
1442 2463 1638 2507 Laurent.
1660 2464 1713 2516 Α,

1044 2521 1091 2563 Β.
1107 2519 1212 2561 Edd.
1258 2528 1370 2561 enet.
1385 2518 1571 2563 Rhenan.
1584 2531 1716 2574 quam-

1044 2576 1108 2616 vis
1152 2575 1255 2616 enim
1290 2576 1547 2617 extrariomm
1595 2573 1714 2615 homi-

1043 2642 1147 2682 nem,
1203 2627 1355 2683 Aldina
1385 2629 1426 2674 &
1455 2629 1714 2676 Pithoeanaa

1583 2693 1710 2737 quim:
