1794 3242
262 235 418 307 *204
524 206 795 297 JUL11
883 220 1460 280 RUFINIANI

307 353 418 390 cum
446 338 528 407 jus
569 339 824 394 amicitiae
849 377 865 402 ,
901 335 1169 410 societatis
1193 379 1209 408 ,
1247 337 1517 409 affinitatis
1560 355 1692 412 age-2

301 429 469 474 retur.
547 419 677 474 ltem
725 419 953 474 ibidem:
1014 422 1124 491 Ego
1184 438 1313 475 nunc
1353 432 1452 493 pro
1498 429 1550 474 te
1591 419 1678 475 hos

303 503 492 574 consulo
527 501 630 576 PQst
675 513 864 577 tempus
893 542 912 569 ,
968 503 1042 571 &⁹
1091 507 1144 559 in
1203 504 1373 559 aliena
1425 521 1487 559 re
1511 544 1528 571 ‚
1562 519 1688 576 quo-

304 589 442 642 niam
456 588 508 641 in
533 597 628 640 tua
652 603 712 642 re
728 624 745 651 2
768 604 877 642 cum
898 597 1087 660 tempus
1115 597 1229 642 erat
1247 624 1263 652 ‚
1285 584 1538 657 consulere
1556 585 1680 641 obli-

303 682 388 726 tus
411 685 477 725 es.
554 669 765 736 Quaero
792 668 883 723 abs
905 680 985 735 te,
1010 670 1066 724 C.
1090 669 1303 743 Aquili,
1337 668 1400 724 L.
1440 669 1647 726 Luculle
1662 703 1692 731 ‚.

302 751 364 805 P.
387 743 654 817 ,Quinllili
669 784 686 811 ,
727 746 808 799 M.
853 747 1137 804 Marcelle:
1178 746 1513 809 vadimonium.
1552 745 1680 803 ,mihi

299 847 395 886 non
422 828 542 884 obiit
565 828 764 901 quidam
776 827 945 901 socius
980 830 1054 898 ἐφ’)
1079 829 1250 900 affinis
1280 847 1440 899 meus,
1478 844 1682 904 quocum

300 911 422 969 mihi
445 909 728 983 necessitudo
755 922 902 967 vetus
914 949 932 976 ,
968 914 1315 984 controverfia
1350 913 1408 968 de
1444 930 1505 968 re
1537 924 1680 986 pecu-

300 994 477 1048 niaria
508 1007 680 1047 recens
711 992 996 1048 intercedit.
1049 994 1107 1051 δε
1153 1007 1334 1048 cetera.
1412 992 1542 1046 Item
1585 1001 1684 1065 pro

300 1079 479 1139 Sextio
503 1094 520 1129 .·
586 1076 641 1129 Si
702 1073 838 1131 redte
910 1076 1129 1147 vestram
1192 1079 1463 1134 bonitatem
1531 1086 1684 1150 atque

295 1157 616 1231 prudentiam
652 1159 840 1227 agnovi
866 1194 883 1221 ‚
935 1174 1029 1212 non
1067 1157 1279 1211 multum
1321 1175 1396 1212 me
1419 1156 1609 1229 fallit,
1641 1156 1688 1229 [ἰ

300 1238 654 1309 confitlamini,
693 1237 814 1309 quid
843 1240 950 1311 sitis
986 1235 1307 1311 responsuri.-
1339 1241 1562 1311 primum
1589 1253 1682 1293 ex·-

289 1322 542 1399 specflare.
582 1322 805 1379 CATo:
847 1325 900 1378 Si
922 1340 1010 1378 vos
1038 1327 1090 1379 in
1117 1341 1170 1379 eo
1208 1324 1307 1379 loco
1346 1322 1527 1396 fftis,
1565 1321 1685 1397 quid

304 1407 449 1467 aliud
466 1407 759 1480 faceretis?
797 1407 864 1461 Et
892 1408 1011 1464 alibi
1034 1427 1046 1464 ε
1073 1409 1378 1465 Communem
1396 1426 1506 1466 rem
1527 1419 1685 1484 puta-

1267 1517 1270 1520 ·
1612 1500 1686 1544 to-

361 1715 536 1766 Ibidem]
580 1712 680 1768 Cap.
723 1725 788 1767 17.
835 1714 968 1758 Vetus
1017 1718 1189 1774 primum
1215 1715 1438 1771 exspectari.

302 1772 475 1816 Editio:
504 1769 592 1825 Ego
621 1769 722 1808 hunc
740 1777 810 1822 pro
836 1777 871 1810 te
889 1770 967 1812 ‚hos
1762 1800 1765 1801 ν

302 1826 464 1876 consulo.
498 1823 626 1884 Recte
655 1823 721 1863 hos
743 1852 757 1872 ‚
780 1824 892 1876 quod
915 1826 967 1867 de
1077 1825 1232 1869 CATo:
1265 1827 1310 1871 Si
1327 1839 1398 1869 vos
1424 1825 1537 1882 dte]
1569 1826 1687 1871 Haec

302 1879 542 1934 conjeftura
568 1876 968 1921 C1ce1·onirestituit
1028 1881 1170 1923 omnia
1198 1881 1439 1924 Rufinianus
1470 1895 1525 1924 ex
1558 1881 1689 1942 Quin·

304 1933 550 1981 Lambinus.
579 1931 708 1974 Recte
728 1933 855 1977 etiam
874 1946 974 1979 mox
1028 1935 1198 1978 &iliano
1228 1936 1308 1979 IX.
1336 1949 1374 1979 2.
1416 1949 1455 1992 p.
1480 1949 1578 1993 423.
1618 1937 1689 1980 de·

1027 1988 1211 2046 scripsit,
1238 1990 1307 2033 ubi
1330 1991 1492 2044 plenius
1517 1992 1687 2046 legitur:

309 1991 490 2047 quoniam
513 2001 590 2043 pro
614 1988 721 2043 quod.

1034 2045 1156 2096 Cedo,
1172 2043 1211 2097 si
1228 2058 1295 2086 vos
1316 2047 1360 2087 in
1388 2059 1427 2087 eo
1451 2046 1527 2088 loco
1545 2060 1563 2087 e
1592 2048 1687 2097 etis,

368 2101 414 2141 Si
428 2098 525 2141 recte
542 2093 711 2151 vestrum
730 2097 833 2152 &c.]
856 2097 974 2143 Haec
1030 2101 1122 2154 quid
1145 2101 1263 2141 ‘aliud
1286 2100 1509 2154 feczffetis?
1571 2102 1687 2144 imile

311 2165 507 2208 corrupta
536 2151 733 2207 putabam
748 2184 759 2202 ‚
799 2167 879 2195 nec
913 2155 971 2196 jn.

310 2209 530 2252 veniebam
543 2208 584 2248 in
596 2206 790 2249 oratione
794 2216 863 2260 pro
876 2208 971 2249 Sex-

312 2268 378 2307 tio.
422 2261 463 2304 G
475 2275 503 2304 r,
515 2275 533 2303 s
546 2274 576 2304 N
589 2272 616 2302 Ε
629 2273 671 2303 u.
740 2261 879 2304 Locus
914 2262 974 2305 est

309 2332 387 2377 pro
410 2317 559 2377 Quint.
583 2327 644 2369 17.
674 2316 782 2359 unde
813 2315 982 2359 restitui.

310 2371 654 2425 corruptiffimam
676 2371 751 2413 Ed.
766 2370 900 2414 Rhen.
914 2371 973 2414 le-

313 2429 493 2473 ctionem
552 2437 655 2478 quae
684 2426 786 2467 haec
814 2424 897 2467 est:
930 2427 976 2469 St

314 2483 414 2526 reete
439 2457 609 2534 vestram
630 2482 840 2522 bonitatem
861 2488 974 2536 atque

309 2537 560 2593 prudentiam
578 2537 741 2589 agnovi,
756 2537 860 2576 enim
878 2536 975 2577 mul-

315 2600 398 2639 tum
430 2594 487 2636 me
505 2589 653 2647 fallit:
673 2589 712 2643 fi
744 2603 850 2648 conq.
879 2603 913 2637 r.
933 2589 972 2648 s.

1031 2154 1134 2196 illud
1148 2153 1447 2198 Terentianum
1460 2155 1687 2199 Andr.Il.1.

1035 2220 1097 2250 10.
1118 2208 1175 2249 Tu
1179 2206 1217 2262 fi
1234 2209 1376 2263 hicfis,
1389 2210 1506 2252 aliter
1514 2209 1680 2264 sentias.

1030 2273 1077 2330 με
1098 2263 1202 2306 bene
1222 2266 1388 2320 accepit
1410 2264 1636 2318 Bentlejus.

1088 2372 1328 2417 Communem
1366 2385 1446 2414 rem
1468 2380 1644 2427 putatote
1667 2374 1687 2428 ]

1032 2425 1302 2482 Quinffllian.
1344 2428 1374 2472 1.
1412 2441 1450 2470 c.
1494 2430 1654 2483 plenius
1675 2444 1687 2472 ι

1035 2483 1277 2523 Communem
1298 2496 1378 2524 rem
1398 2484 1467 2538 ogi
1481 2491 1656 2537 putatote
1670 2516 1685 2536 ,

1031 2549 1077 2578 ac
1098 2549 1164 2576 vos
1178 2536 1266 2578 huic
1286 2539 1343 2578 rei
1357 2536 1589 2592 praepositos
1607 2537 1690 2592 effe.

1032 2590 1144 2638 Edit.
1161 2602 1280 2639 vetus
1295 2600 1393 2649 puto
1414 2599 1457 2638 tu
1480 2595 1517 2643 ἁ
1527 2591 1692 2649 propsfi·

1612 2655 1697 2707 205,
