1794 3242
202 240 294 306 »ό
309 238 451 319 nc.
487 239 708 303 εΕΝτς
742 243 820 299 m·-
855 239 1068 301 ELoc,
1121 242 1244 305 Lm.
1275 245 1320 305 τ.
1405 257 1482 323 13

79 355 361 439 fflffimu's
375 399 407 440 Ι,
453 377 586 419 nunc
626 360 694 434 est
729 361 864 419 locus
895 358 1290 436 ‘desertgffimuss
1332 369 1479 424 nimi-

77 461 201 505 mm
233 447 465 523 quoniam
504 444 765 506 traditam
816 445 908 522 fibi
961 443 1285 521 publicorum
1325 450 1482 586 eysta-

354 563 357 565 >
1374 550 1479 588 mm

82 711 341 758 medicinam
383 712 544 760 fecisse.
622 715 750 762 MSS.
810 725 909 762 tuor
935 716 1164 761 verborum
1186 747 1200 770 ‚
1238 729 1344 774 quae
1371 717 1482 774 apud

83 767 127 812 dt
150 767 257 813 Edd.
288 769 486 835 antiquae
505 771 562 815 fic
578 771 672 816 fere
693 772 750 816 le·
822 773 1035 817 Rutilium
1055 772 1272 825 librarius,
1285 773 1481 831 areligio-

81 833 212 879 gunt:
245 825 317 868 Aa
333 825 752 925 huyuslsceleratiffimi
799 827 970 885 fiffi'mus
983 829 1033 872 ad
1044 826 1314 884 desertissimas
1331 827 1485 876 saltum¹

81 890 103 920 ο
129 891 198 922 era
227 881 296 936 qui
326 880 420 936 fuit
470 887 557 926 ocus
587 884 745 941 religio·
803 884 966 928 faciens
1004 883 1239 935 omiserat,
1281 883 1480 941 expless'e.

99 931 262 989 ffimus:
302 937 491 980 nimirum
516 951 627 994 quom
660 947 744 982 tra·
803 938 956 994 Neque
968 940 1080 984 enim
1100 937 1184 982 fine
1195 938 1483 992 verbis‚mme-

76 990 205 1032 ditum
231 987 312 1043 fibi
341 992 586 1047 publicorum
622 991 744 1051 custo-
803 995 997 1038 eritlocus
1008 992 1483 1051 desertissimas-,velsen-

75 1045 186 1089 diam
199 1045 431 1102 sacrorum,
458 1061 536 1091 non
563 1049 745 1104 honoris,
804 1048 870 1093 sus
888 1049 990 1094 huic
1010 1049 1220 1102 loco‚vel
1233 1048 1303 1093 sua
1321 1048 1479 1107 figurae

63 1100 140 1157 sed
193 1102 322 1145 oneris
375 1103 444 1159 effe
483 1101 742 1160 exzstimavit.
803 1106 916 1153 ratio
958 1105 1151 1149 constare
1191 1103 1341 1160 potest.
1408 1104 1479 1150 Ex

79 1155 267 1201 Codices
303 1157 347 1201 in
382 1159 624 1204 levioribus.
653 1171 744 1204 tan·
804 1159 1123 1206 Charifioidem
1139 1172 1259 1204 exem
1293 1161 1381 1204 lum
1403 1159 1479 1204 de-

73 1221 166 1256 tum
186 1212 375 1266 variant,
404 1224 453 1260 ut
473 1214 615 1260 statim
639 1216 745 1264 indi·
800 1214 1056 1273 scripserunt
1086 1214 1246 1259 Diome
1275 1228 1319 1259 es
1347 1214 1400 1259 11.
1463 1247 1479 1262 .

73 1265 276 1330 cabimuS.
315 1268 412 1329 Qua
427 1269 653 1327 scripturae
674 1284 746 1315 va·
798 1285 900 1371 341.
929 1273 971 1316 &
1006 1271 1118 1317 Beda
1151 1271 1205 1315 de
1235 1270 1399 1328 Tropis
1430 1229 1477 1317 ἕ.

72 1331 227 1366 rietate
263 1335 363 1368 cum
399 1325 506 1371 nihil
542 1326 594 1370 ad
627 1327 746 1373 ‚sum-
830 1328 955 1384 cript.
986 1340 1026 1384 p.
1049 1339 1149 1384 377.
1166 1326 1292 1384 Apud
1314 1337 1477 1371 utrum-

71 1389 186 1423 mam
226 1379 287 1423 rei
327 1380 575 1437 proficiatur
598 1412 614 1435 ,
652 1397 743 1428 cer·
830 1396 883 1426 ue
901 1383 1165 1426 emendatius
1190 1382 1346 1437 legitur
1365 1411 1382 1434 ,
1399 1395 1477 1433 ,cu-

54 1433 228 1478 ›tiorem
253 1447 283 1477 o
312 1447 382 1479 em
406 1437 576 1481 aliunde
606 1451 743 1483 arces·
792 1396 925 1494 stodia
931 1438 1151 1494 sacrorum,
1165 1435 1237 1480 sed
1247 1437 1354 1480 male
1366 1437 1480 1491 apud

69 1486 223 1534 famus.
253 1448 464 1536 Geminus
482 1492 557 1535 IV.
582 1504 624 1547 p.
637 1494 742 1549 251.
802 1493 959 1538 Bedam
980 1524 995 1547 ‚
1051 1494 1093 1535 ui
1124 1492 1215 1548 fuit
1246 1492 1355 1556 locus·
1370 1493 1475 1547 feli-

68 1544 118 1587 in
138 1544 217 1587 hae
237 1545 326 1602 ipsa
344 1547 630 1601 paronomafia
651 1549 744 1594 illu·
803 1547 985 1605 czfflmus.
1045 1548 1096 1591 'x
1123 1548 1189 1592 his
1217 1558 1303 1591 tam
1315 1548 1473 1593 discre-

69 1598 237 1644 stranda
278 1601 365 1644 tale
397 1603 642 1658 exemplum
679 1603 743 1648 af·
802 1604 996 1660 pantibus
1018 1601 1272 1646 lectionibus
1297 1602 1480 1659 diligen·

66 1653 187 1699 fert:
228 1657 332 1712 apud
366 1657 618 1701 Ciceronem.-
658 1658 746 1721 Qyi
803 1671 868 1703 ter
887 1659 999 1702 inter
1017 1658 1058 1702 se
1078 1658 1274 1711 collatis,
1304 1659 1476 1704 tandem

58 1709 154 1765 suit
171 1712 278 1755 locus
292 1711 596 1770 religiofiffimus
607 1746 622 1768 ,
637 1728 742 1757 nunc
799 1714 984 1759 feliciter
998 1714 1088 1757 erui
1103 1725 1243 1757 veram
1255 1713 1480 1760 Ciceronis

69 1768 151 1809 erit
193 1768 301 1811 locus
345 1767 624 1826 desertzffimus.
671 1770 744 1819 &s
800 1782 991 1814 manum:
1009 1769 1072 1813 Ac
1096 1769 1212 1826 hujus
1219 1767 1476 1826 sceleratff·

68 1820 269 1877 custodire
279 1823 442 1879 sucrum
451 1839 539 1868 -ηοη
557 1826 742 1881 honoris',
801 1828 889 1869 mio
915 1836 1010 1878 era,
1040 1827 1107 1881 qui
1122 1826 1216 1880 fuit
1237 1826 1349 1868 lucus
1376 1827 1473 1870 reli-

56 1877 133 1934 sed
163 1881 295 1923 oneris
333 1879 403 1936 effe
432 1878 741 1936 existimabitur.
800 1883 866 1939 gio
884 1879 1052 1936 zffimus,
1077 1893 1181 1923 nunc
1205 1880 1260 1935 est
1279 1881 1383 1924 locus
1403 1884 1470 1925 de-

66 1932 201 1993 Quod
231 1934 350 1980 fimul
379 1946 428 1980 ut
453 1937 569 1990 vidi,
601 1937 745 1980 statim
789 1934 1054 1994 senissimus:
1081 1937 1270 1979 nimirum
1288 1939 1473 1992 quoniam

59 1990 228 2044 ‚agnovi
320 2000 428 2033 rtem
463 1992 526 2036 fra
560 1993 688 2035 menti
717 2005 742 2034 a
799 1994 990 2035 traditam
999 1990 1077 2043 fibi
1088 1991 1332 2046 publicorum
1346 1989 1470 2047 custo-

70 2043 240 2088 Rutilio
284 2045 441 2090 audati.
543 2059 595 2090 ec
621 2048 743 2091 mira·
797 2047 1473 2104 diamsacrorum‚nonhonoriffled

67 2099 171 2153 bar,
194 2099 420 2146 Ciceronis
441 2101 587 2146 locum
609 2103 739 2158 poni,
798 2104 907 2146 oneri
929 2100 997 2157 effi:
1017 2099 1280 2157 existimavit.
1308 2101 1470 2157 Nunc,

43 2201 46 2205 ,
66 2155 139 2197 ubi
157 2168 244 2200 non
258 2156 334 2200 nifi
347 2154 611 2202 Graecorum
633 2157 738 2202 Ora·
825 2159 964 2203 uando
985 2158 1110 2202 etiam
1135 2167 1302 2201 textum
1328 2156 1386 2201 fic
1406 2171 1472 2202 re·

58 2219 209 2255 ⁴torum
267 2213 463 2268 exempla
514 2223 736 2269 ponantur.
835 2212 1118 2270 itui,nequid
1138 2222 1299 2256 temere
1320 2211 1472 2260 feciss'e

63 2261 178 2327 Nam
219 2266 343 2322 hujus
397 2267 622 2314 schematis
673 2282 735 2312 ra·
797 2269 966 2323 videar,
996 2268 1246 2324 lingularum
1267 2271 1469 2313 mutatio-

62 2328 153 2373 ne,
183 2331 232 2364 ut
250 2323 392 2368 ,modo
417 2324 626 2378 diximus,
658 2324 736 2369 La·
787 2338 895 2374 ,num
926 2324 1136 2368 rationem
1165 2322 1346 2369 reddam.
1383 2325 1468 2370 Pro

64 2375 166 2419 tinis
197 2379 404 2434 explicari
430 2392 517 2423 non
540 2391 734 2436 poterat,
796 2381 868 2424 Ad
886 2380 1028 2437 hujus,
1056 2378 1168 2434 quod
1202 2390 1352 2424 omnes
1381 2379 1468 2426 Ru-

24 2445 31 2451 ’
64 2429 144 2474 nifi
167 2429 342 2492 Graecis
361 2437 572 2492 exemplis
584 2434 736 2480 Latina
794 2437 874 2480 tilii
920 2436 1051 2480 libros
1078 2446 1188 2478 occu
1217 2444 1285 2488 at,
1322 2435 1466 2491 scripfi

60 2482 420 2535 substituerentur.
496 2491 735 2546 jucundum
791 2492 856 2536 At
884 2491 1014 2548 hujus.
1054 2489 1139 2532 Pro
1169 2446 1465 2547 Jgeleratzsfimi

59 2550 179 2594 erat,
213 2554 270 2586 ex
291 2545 480 2591 Charifio
507 2546 733 2603 fragmenti
789 2556 905 2604 opera
942 2547 986 2589 in
1016 2544 1219 2589 Laurent.
1263 2546 1314 2590 A.
1356 2547 1470 2601 legi·-

57 2594 301 2656 auEtorem,
328 2613 449 2656 quem
466 2602 650 2646 Rutilius
669 2615 732 2646 re·
791 2614 862 2647 tur
873 2597 1176 2656 sceleratissima
1204 2609 1330 2657 opera.
1378 2601 1462 2647 Sed

57 2659 268 2713 ticqerat,
284 2657 505 2712 cognosse:
531 2655 601 2700 sed
622 2658 727 2702 mul·
786 2659 965 2701 alterum
986 2656 1161 2712 praetuli
1177 2659 1365 2712 'propter
1392 2669 1462 2700 re-

57 2713 109 2754 to
132 2709 383 2766 Jucundius,
411 2712 603 2763 lacunam
629 2725 727 2770 qua-
782 2714 1011 2771 liquorum*
1029 2710 1238 2772 librorum
1285 2711 1460 2818 eonsen-
